2708 4568
196 446 294 562 quaa
316 433 561 549 sentement,
597 452 828 533 ocmsioner'n
859 469 1014 562 propter
1025 449 1098 561 Δαι,
1126 446 1231 557 qnod
1250 453 1293 528 in

197 564 341 669 pugnae
357 559 491 637 ardore
507 563 652 638 'furcos
669 562 861 639 venientes
873 579 911 638 et
927 561 1126 655 devictos,
1143 560 1294 660 longius

198 667 508 775 persequabatur,
526 666 748 773 praebuisse.
776 669 819 748 si
839 663 1115 754 enimvmodum
1135 661 1192 766 (ut
1210 665 1294 740 Hu-

32 805 44 884 j
147 797 151 804 ·
186 772 354 878 nyadius
371 766 588 874 monuitjin
612 773 870 878 persequendo
895 774 1000 850 hoste
1025 775 1218 874 lenussleti
1239 810 1291 827 “““

197 881 342 957 referre
366 880 589 984 triumphum
613 898 652 955 et
679 882 876 984 praesentis
906 882 1124 957 certaminis.
1138 879 1295 983 gloriam

59 1063 62 1066 ,
203 1003 242 1062 et
258 1012 435 1062 summam
450 986 538 1062 belli
558 984 753 1094 perlicere,
780 985 878 1063 haud
897 989 1079 1067 meantum
1096 985 1211 1062 erat“.
1222 986 1244 1060 l.
1260 1010 1295 1060 c.

202 1093 273 1171 ool.
294 1097 515 1169 sos-812.
541 1096 624 1186 Qua
650 1113 781 1200 ropter
799 1086 893 1170 dea.
910 1092 1058 1195 Sylvius
1078 1094 1185 1197 epist.
1206 1094 1294 1169 139.

150 1279 154 1286 .
201 1201 442 1304 Dlugossum,
476 1121 714 1303 Hunyadium
744 1200 980 1304 negligentiae
990 1199 1294 1302 insinuantem,

200 1306 283 1382 iure
302 1305 509 1410 redarguit:
538 1306 698 1400 „Poloni
725 1324 912 1410 acceptam
932 1308 970 1380 in
987 1305 1132 1410 praelio
1149 1302 1295 1381 cladem

202 1408 395 1514 Hunyadis
427 1410 623 1489 recmffiae
641 1419 661 1507 ,³
697 1429 807 1521 atque
841 1413 1001 1516 ignaviae
1032 1410 1294 1503 attribuerunt3

203 1519 282 1623 ipse
303 1544 369 1594 sua
389 1516 539 1592 consilia
564 1529 692 1621 spreta
705 1536 935 1622 conquestus,
949 1517 1046 1592 e'st.“
1078 1517 1135 1594 ef.
1155 1510 1294 1591 litteras

203 1623 351 1724 eiusad
367 1624 587 1727 Papam'nro
606 1625 710 1701 xxt
728 1665 779 1679 -
801 1623 959 1712 Accedit
976 1622 1199 1700 Thuroezius
1218 1624 1241 1696 l.
1261 1640 1295 1698 ο.

203 1756 284 1833 cap.
304 1730 419 1807 XLII.
430 1749 450 1803 τ’
466 1729 565 1825 „Vbi
583 1730 673 1821 aar
687 1728 887 1806 vladislaus
903 1722 1073 1807 hostilem
1092 1731 1297 1833 equitatum

202 1833 685 1941 fingere,⁴Amurathemque
704 1862 885 1913 caesarem
905 1855 944 1914 ct
961 1828 1080 1912 eastra
1102 1830 1200 1911 illius
1219 1852 1296 1911 ter·

201 1969 293 2020 rore
310 1945 459 2018 concuti
476 1941 589 2040 vidit,
622 1968 712 2018 mox
730 1945 936 2047 sni-capitis
956 1946 1026 2046 p'ro
1048 1940 1216 2019 custodia
1232 1939 1296 2016 de-

61 2109 64 2114 ,
203 2065 373 2157 putatum
385 2050 509 2142 ‘morit
529 2074 676 2152 agmen,
712 2050 875 2126 Domino
893 2047 1060 2126 Vaivoda
1081 2066 1119 2150 et
1139 2049 1297 2125 caeteris

203 2172 312 2264 parte
327 2182 375 2232 ex
390 2154 504 2229 altera
521 2154 638 2231 leroci
656 2145 1036 2251 bello'insistentibns,
1048 2157 1050 2160 ’
1064 2155 1217 2230 caesaris
1237 2141 1298 2230 ea'·

206 2279 284 2339 stra
305 2260 480 2337 invadere
503 2277 541 2336 et
564 2272 706 2364 pennus
725 2265 1137 2367 opprimereaggre'ssus
1158 2277 1223 2336 est.
1244 2300 1297 2316 ·-·

206 2370 331 2460 Quum
345 2369 458 2473 igitur
478 2365 587 2443 densa
609 2367 779 2471 peditum
790 2371 890 2444 venit
912 2371 1008 2444 inter
1026 2370 1180 2472 agmina,
1202 2365 1297 2442 mul-

206 2475 361 2551 titudine
377 2474 527 2548 illorum
544 2474 649 2548 simul
663 2491 803 2550 ,cuncto
831 2501 904 2551 suo
921 2501 1007 2550 cum
1023 2475 1165 2577 agmine
1182 2472 1298 2548 obru-

79 2611 82 2617 ·
206 2597 287 2676 tus,
315 2582 529 2685 pariterque
544 2597 582 2654 et
600 2606 814 2685 oppressus,
839 2608 893 2661 .ac
917 2579 1058 2655 ibidem
1081 2582 1299 2656 interemtus

71 3159 72 3165 κ
209 3102 323 3190 Casus
347 3104 457 3186 ‘huius
475 3112 607 3216 tragici
633 3132 775 3217 tempus
804 3113 944 3188 indicat
967 3114 1077 3196 inseri

208 2705 282 2780 est3
310 2701 350 2759 et
367 2687 475 2760 victis
496 2686 566 2759 iam
584 2683 845 2791 debellatisque
874 2685 1058 2780 hostibus,
1084 2710 1205 2790 neque
1223 2683 1296 2760 sibi

202 2795 409 2896 'qrricqam
427 2788 474 2868 de
501 2792 656 2869 victoria
674 2793 922 2897 sperantibus,
950 2797 1168 2899 insperatam
1196 2797 1299 2895 prae·

206 2897 292 2975 buit
308 2899 510 2977 victoriam.
537 2900 661 2990 Quare
681 2903 870 3004 Hungan',
896 2926 1029 3003 campo
1046 2900 1157 2991 simul
1175 2914 1214 2975 et
1236 2924 1297 2973 aa·

169 3036 173 3042 ·
207 3007 441 3103 cuneorum
461 2994 558 3081 hosti
578 3008 744 3102 relictis,
762 3008 801 3081 in
822 3007 944 3109 fugam
963 3007 1132 3098 conversi
1151 3001 1296 3080 fuere.“

1103 3129 1159 3188 tro
1181 3136 1301 3186 coro-

101 3252 103 3257 ’
208 3219 329 3295 nensis
347 3215 459 3319 (apud
475 3216 747 3303 Schwandtner
764 3220 871 3294 Tom.
887 3217 916 3294 Ι.
940 3246 978 3321 p.
995 3139 1103 3317 8863
1111 3245 1119 3292 ε
1149 3218 1300 3314 ‚aaut

210 3323 341 3402 Clades
364 3322 411 3398 ad
433 3324 631 3419 Warnam,
658 3327 696 3400 in
720 3344 793 3430 qua
809 3325 1032 3403 Wladislaus
1051 3326 1158 3418 Rex,
1184 3323 1300 3399 Julia-

187 3445 277 3523 nus
295 3431 483 3506 Caesarius
504 3431 613 3518 Card.
634 3466 684 3489 —·
705 3430 984 3508 interficiuntur.
1001 3427 1214 3534 ‘Huny'ades
1236 3432 1302 3506 vix

206 3535 292 3643 fuga
308 3536 465 3612 elabitur
487 3541 547 3610 10.
567 3537 692 3615 Nov.“

81 3713 83 3717 ¹
172 3774 176 3785 κ
235 3822 239 3832 x
304 3735 553 3815 Annotddd.
585 3740 712 3843 aetatis
733 3742 795 3815 00.
823 3740 1160 3822 comitibusciliae
1180 3742 1221 3819 in
1239 3767 1304 3819 or·
1343 3688 1348 3722 1

87 3835 91 3839 ’
210 3837 336 3914 ιιὶίιιιειιι
361 3839 540 3937 redactis,
569 3844 607 3918 in
626 3847 819 3923 Conventa
836 3848 991 3925 Pestano
1015 3849 1179 3924 unanimi
1203 3874 1304 3926 eon·

210 3965 321 4024 sensu
343 3945 583 4028 Gubernator
609 3955 714 4061 regni
739 3951 921 4058 acephali,
955 3957 1052 4034 inter
1078 3955 1303 4060 capitaneo·
