2708 4568
129 300 207 370 stt

128 512 207 593 nis,
245 532 339 608 quae
367 502 523 580 blattina
553 503 707 577 Corvini
734 505 878 578 obitum
909 502 1099 579 subsemta
1134 521 1215 597 eet,

129 613 269 689 nullum
298 614 461 684 occurrit
489 609 767 704 documentum;
802 613 834 683 si
861 611 964 714 quod
994 628 1215 688 ocmrreret

129 723 258 808 etiam,
286 710 360 790 non
379 719 460 819 plin
479 716 677 819 probaret,
713 745 824 818 quam
848 721 1063 820 ignomiam,
1086 721 1128 792 in
1149 747 1214 793 or-

131 844 210 901 tum
236 821 413 898 lobannis
441 822 488 897 de
512 820 673 923 Huuyad
696 849 766 925 per
793 827 955 903 aemulos
988 828 1214 916 coniectam,

46 931 53 940 ’
130 951 270 1009 mentes
300 933 409 1003 etiam
437 955 585 1022 comm,
621 929 685 1030 qui
720 936 910 1036 prosapiae
937 933 1117 1006 corvinae
1141 959 1215 1034 pa-

130 1039 230 1115 troni
246 1035 405 1129 filerunt,
428 1038 645 1139 inquinasse.
675 1037 855 1113 Probaret
874 1065 920 1112 ex
939 1037 1110 1112 adverso:
1139 1038 1217 1111 ele·

130 1147 254 1221 ctione
273 1142 497 1218 Elisabetbae
516 1157 553 1216 et
563 1143 704 1217 Alberti
723 1142 921 1248 disceptata
941 1143 1084 1219 finanus
1100 1143 1217 1218 fuisse

129 1252 279 1326 loannis
305 1248 493 1351 Hunyadii
524 1245 701 1350 quosdam
719 1266 917 1353 patronos,
951 1253 983 1323 si
1002 1248 1139 1324 nothus
1157 1250 1217 1324 Si·

130 1354 311 1463 gismundi
331 1355 474 1446 finsset3
508 1381 594 1428 cum
612 1356 750 1426 inventi
774 1355 911 1429 firerint
933 1357 1044 1449 nulli,
1071 1359 1218 1464 signum

131 1480 188 1539 est
220 1459 391 1535 fabellam
424 1457 518 1535 banc
552 1460 591 1534 id
626 1464 802 1562 temporis
833 1459 1027 1536 confictam
1056 1460 1218 1537 necdum

131 1567 260 1659 fuisse3
279 1564 389 1641 fidem
405 1564 541 1641 Mathia
557 1583 730 1668 regnante
746 1566 904 1641 necdum
921 1570 1113 1661 invenisse,
1131 1592 1218 1644 cum

132 1676 204 1778 ipsi
228 1672 431 1749 obscura
457 1672 634 1748 duntaxat
651 1675 778 1775 origo,
808 1662 988 1749 nonitem
1016 1673 1218 1776 illegiti-

132 1807 200 1856 ma
226 1780 274 1854 sit
300 1777 464 1872 obiecta,
499 1781 618 1853 innuit
641 1777 830 1854 Bonfinim
854 1779 998 1854 dicens:
1035 1780 1220 1872 „blathias

132 1886 273 1986 dotiqui
291 1888 346 1960 sui
363 1887 504 1989 generis
519 1883 617 1959 haud
635 1887 783 1977 inscius,
801 1885 892 1961 nihil
912 1886 1100 1960 molestius
1120 1885 1219 1962 ferre

132 1991 338 2083 videbatur,
358 2020 469 2095 quam
487 1993 520 2073 oi
540 1995 622 2095 quis
640 2018 688 2093 ex
710 1993 843 2067 invidis
867 1992 1128 2067 obscuritatem
1149 1991 1220 2067 sibi

132 2103 248 2203 gentis
285 2097 504 2192 obiecisset,
550 2115 611 2173 aut
638 2097 795 2173 barbara
824 2100 1019 2173 nobilitate
1053 2116 1220 2192 tumens,

132 2207 224 2280 citra
248 2208 421 2308 propriae
445 2204 589 2279 virtutis
613 2209 742 2278 metita
764 2232 802 2280 se
830 2203 1018 2308 praeferre
1044 2204 1220 2280 studeret.

133 2309 219 2387 Non
235 2310 445 2411 ignorabat,
481 2311 702 2387 adversarios
719 2311 984 2415 ignobilitatem
1001 2313 1058 2384 sui
1075 2312 1221 2414 generis

132 2416 375 2521 improbasse,
410 2416 521 2522 vulgo
552 2442 701 2520 quoque
733 2417 876 2516 dicere,
913 2415 1070 2492 Valacba
1099 2421 1223 2517 ipsum

132 2538 239 2628 gente
281 2521 487 2599 oriundum
533 2523 739 2598 Nonnullos
769 2522 962 2605 Hibridam
999 2521 1221 2627 appellasse,
1260 2569 1263 2575 -

132 2654 243 2731 quem
270 2627 451 2702 dissimilis
479 2629 620 2730 linguae
648 2647 814 2730 parentes
845 2628 1037 2704 ediderint.
1054 2626 1120 2701 .ld
1147 2630 1220 2702 im-
1254 2669 1256 2674 ·

41 2816 49 2831 ,
131 2734 256 2837 primis
276 2735 456 2808 citerioris
467 2735 646 2838 Vngariae
659 2737 837 2810 Proceres
858 2735 998 2811 dicere:
1019 2729 1221 2817 Valaobum

133 2839 302 2946 regulum
317 2865 395 2914 non
412 2866 488 2916 esse
508 2839 711 2915 ferendum.
733 2842 961 2917 Fridericum
982 2864 1139 2943 quoque·
1151 2841 1220 2914 im-

133 2962 341 3053 peratorem
368 2948 592 3050 iniquissime
624 2949 721 3053 pati,
757 2950 1073 3053 opulentissimum
1099 2937 1222 3049 usque

133 3051 225 3129 adeo
245 3080 409 3158 regnum,
431 3053 476 3128 ab
494 3053 722 3129 adolescente
743 3073 780 3129 et
799 3057 996 3159 peregrino
1016 3079 1111 3153 pene
1133 3078 1222 3156 rege

132 3159 333 3263 possideri,
361 3178 398 3233 et
417 3186 463 3236 ne
484 3186 662 3234 coronam
683 3159 872 3254 redderet,
901 3160 947 3234 ab
966 3159 1105 3233 inseetis
1128 3184 1221 3237 non·

133 3265 240 3340 nullis
259 3260 496 3371 optimatibus
520 3266 684 3369 quotidie
705 3265 936 3344 admoneri.“
957 3309 1018 3364 ·'··,
1045 3266 1134 3371 Dec.
1151 3265 1219 3339 ΠΙ.

133 3369 197 3446 lib.
222 3373 288 3448 lX
309 3373 409 3479 circa
429 3368 547 3452 finem.
603 3412 608 3424 ι

587 3666 776 3687 ...ιιι-μμ-
