2708 4568
1039 290 1045 301 '
1141 270 1211 383 'ss

126 528 291 635 potentis
309 525 404 616 Dei,
424 549 482 611 ¹uc
495 548 576 623 pro
605 520 813 605 defensione
835 539 874 601 el
899 547 1090 629 augmento
1116 528 1213 603 alni.-
1268 514 1273 523 ’

130 638 263 719 stimae
281 630 373 715 fidei
389 648 428 713 et
446 654 515 731 pro
531 628 640 704 bono·
652 631 768 707 totius
783 632 967 711 Ecclesiae
988 635 1211 726 catholicae,

132 740 344 845 praesertim
363 760 453 813 vero
473 734 691 821 liberatione
702 734 809 811 buius
827 745 929 841 regui
944 744 1061 817 nostri
1077 760 1116 816 et
1132 760 1212 843 part.

82 852 85 859 '
129 850 222 923 tium
242 843 577 945 circumstmtium,
605 868 696 944 quas
713 845 783 947 ipsi
798 846 910 921 Turci
931 848 1054 923 multis
1072 866 1211 925 ratres*

129 957 202 1033 otis
224 955 349 1046 mnis,
381 950 610 1055 auocissime
638 967 723 1023 sunt
742 957 945 1054 persecuti,
983 972 1021 1028 et
1043 954 1090 1030 de
1107 980 1212 1059 prae·

129 1063 229 1143 senti
253 1059 428 1160 persequi
454 1081 530 1131 non
560 1074 729 1150 essunt„
755 1057 1003 1153 decernimus,
1031 1061 1214 1135 firmamus

129 1182 171 1241 et
194 1166 401 1253 stabilimus
425 1163 586 1239 tmanimi
613 1188 799 1239 consensu
825 1182 862 1239 et
886 1168 1073 1241 voluntate
1102 1171 1216 1243 totius

131 1271 343 1373 praedictae
360 1265 613 1347 adurentionis
639 1270 692 1345 ire
709 1273 950 1374 personaliter
966 1288 1004 1347 et
1023 1272 1214 1348 nobueunt

131 1379 273 1455 ducere
298 1380 365 1455 ista
390 1392 548 1470 aestate,
585 1402 648 1451 seu
674 1404 770 1459 enno
796 1396 997 1483 praesente·
1014 1382 1215 1455 eserniam

130 1510 260 1561 versus
283 1500 404 1587 partes
430 1484 603 1559 Graeciae
623 1499 660 1556 et
678 1483 882 1561 Romaniae
904 1504 1043 1561 etcum
1058 1488 1130 1561 Dei
1149 1482 1214 1557 ad·

130 1593 291 1683 intorio,
319 1592 406 1665 totis
431 1587 570 1665 viribus
589 1590 722 1663 nostris
748 1590 934 1684 laborare,
968 1592 1014 1667 ad
1038 1594 1211 1667 extermi-

132 1700 237 1773 nium
255 1695 441 1779 dietorum
456 1698 656 1799 impiorum
672 1698 900 1791 Turcornm,
918 1698 1031 1801 idque
1042 1724 1120 1801 pro
1137 1722 1214 1771 ma·

132 1806 207 1881 iori
224 1806 282 1881 rei
297 1800 487 1894 mute,
514 1804 711 1879 iuravimus
732 1806 772 1879 in
792 1805 960 1880 manibus
988 1804 1215 1883 reverendis·

133 1911 222 1989 simi
237 1912 276 1985 in
296 1908 441 1997 Christo
466 1908 602 2002 Patris,
630 1912 676 1985 D.
696 1910 834 1987 loliani
851 1912 1053 1991 Cardindis
1072 1912 1113 1989 S,
1135 1914 1214 1989 An·

132 2018 230 2119 geli,
263 2015 496 2119 ¹Apostolicae
526 2014 622 2093 sedis
646 2019 790 2119 Legati,
827 2022 1039 2095 executioni
1066 2018 1214 2093 deman·

133 2126 236 2217 dare,
252 2120 680 2223 ssd-consolationemque
699 2124 810 2199 totius
830 2122 1102 2198 christianitatis
1123 2121 1215 2197 hane

130 2234 297 2309 noestam
326 2255 458 2331 puram
486 2230 729 2305 intentionem
758 2245 800 2305 et
822 2227 1126 2305 deliberationem
1141 2238 1216 2301 noe

131 2338 217 2419 stris
236 2336 379 2421 ‚fitteris
400 2362 510 2411 manu
544 2353 670 2411 nostra
697 2329 934 2440 subscriptis,
974 2334 1216 2439 significamus

131 2443 367 2521 sanctissimo.
387 2443 426 2516 in
452 2440 597 2518 Christo
616 2440 718 2515 Patri
744 2469 788 2517 ac
813 2444 924 2519 Dom.
951 2460 1078 2518 nostro
1099 2445 1217 2545 Papae
1312 2496 1317 2511 .

132 2548 298 2651 Eugenio
316 2549 378 2623 IV.
406 2566 444 2623 et
472 2550 707 2625 serenissimis
736 2547 902 2653 Regibus
927 2568 967 2625 et
984 2552 1223 2654 Principibus⁸

134 2655 359 2748 Christianis,
376 2671 530 2757 propter
553 2654 656 2757 qnod
674 2680 785 2730 nemo
806 2684 961 2760 quoquo
981 2656 1098 2733 modo
1114 2656 1215 2761 cogi·

132 2783 212 2837 tare
229 2759 360 2853 debet,
386 2761 476 2862 quin
503 2784 575 2859 nos
605 2776 681 2835 tam
706 2780 871 2839 sumtum
887 2764 1215 2856 deliberationem,

133 2868 341 2961 solennem,
377 2867 551 2957 iuratam,
580 2884 616 2941 et
637 2868 774 2969 ubique
795 2870 1020 2969 publicatam
1041 2866 1215 2961 velimus,

136 2992 177 3051 et
196 2974 348 3049 omnino
371 2970 625 3075 disponamus,
665 2974 1064 3075 Deo,propitiante··ad
1082 2996 1216 3055 execu-

133 3084 277 3159 tionem
294 3097 332 3157 et
348 3095 513 3181 optatum
531 3078 643 3153 linem
663 3074 861 3165 deducemi-
871 3079 1112 3159 Nihilominus
1129 3084 1216 3185 quia

135 3186 308 3263 nonnulli
331 3202 486 3289 propter
514 3182 709 3261 adventum
735 3186 952 3280 ¹Aumratlri,
965 3210 969 3219 ·
983 3190 1216 3289 Imperatoris

131 3295 343 3375 Tuscorum
358 3290 438 3367 lieri
456 3292 692 3391 postulatum,
712 3288 831 3365 adbuc
843 3292 1214 3379 dubitare'videntur,

133 3428 181 3473 an
200 3397 425 3501 praedictam
436 3396 737 3472 deliberationem
753 3396 879 3475 Budas
898 3398 1042 3490 boum,
1061 3416 1099 3472 et
1116 3424 1216 3475 nuno

131 3509 288 3583 iuratam
311 3507 447 3605 exequi
475 3504 648 3595 velimus,
692 3503 834 3581 idcirco
866 3504 913 3579 ad
945 3502 1144 3582 tollendam
1169 3530 1216 3581 ex

132 3614 265 3688 animis
289 3610 596 3712 quorumcunque
622 3608 831 3686 huiusmodi
853 3612 919 3685 de
936 3610 1054 3687 nobis·
1073 3609 1217 3685 dubita·

133 3721 274 3793 tionem
291 3742 357 3791 seu
371 3716 632 3819 suspicionem,
658 3732 723 3790 aut
738 3718 981 3823 ambiguitatis
998 3716 1172 3820 scrupulo
1179 3742 1225 3799 m,

129 3840 172 3899 et
192 3824 428 3926 praesertim,
447 3839 488 3896 ut
503 3820 796 3898 reverendissimi
815 3827 853 3897 ia
872 3822 1019 3898 Christo
1038 3824 1160 3896 Patres
1181 3838 1220 3897 et
1335 3912 1349 3927 ,

132 3930 309 4021 Domini,
340 3928 493 4003 Domini
511 3928 720 4004 Franciscns
745 3930 905 4005 Venetus
930 3928 1219 4006 vioe-cancelta-

132 4036 212 4121 rius
233 4054 273 4113 ot
290 4032 495 4138 praedictus
502 4036 558 4115 u.
576 4034 741 4127 tutunus,
756 4034 955 4139 Supremos
968 4036 1223 4113 :Paenitentia-¹
1274 4108 1285 4131 ,
