2708 4568
1138 305 1224 410 ιιι

128 499 328 575 seruerim
351 511 455 577 recte
479 497 534 572 ire
561 446 746 597 potuisse
732 522 824 574 non
849 496 1073 574 dubitabam.
1112 500 1215 602 Opus

127 621 178 681 est
199 604 324 707 elapsa
343 627 588 695 reassumere,
612 620 755 679 maneat
769 603 918 682 modo
907 608 1064 680 intentio
1088 609 1214 708 prior,
1299 699 1304 710 .

127 737 193 817 pro
217 735 384 813 quorum
406 711 644 830 executione,
674 736 750 811 quo
770 711 900 787 ordine
928 729 965 787 et
988 713 1122 813 quibus
1141 739 1217 788 me·

130 818 193 891 diis
212 812 456 891 insistendum
483 816 549 908 sit,
577 816 662 890 satis
678 817 774 890 clare
794 845 878 892 cum
895 818 1059 921 praefato
1077 820 1218 899 comite
1349 905 1352 910 7

128 920 319 1046 Stephano
332 919 503 1014 contuli,
532 924 596 1023 qui
616 924 728 1024 ipsam
747 924 798 998 M.
810 925 855 1000 V.
869 926 923 999 vel
942 925 1056 999 literis
1074 942 1111 1000 et
1126 953 1218 998 nun·

131 1031 192 1104 ciis
221 1029 298 1102 suis
334 1028 552 1128 amplissime
580 1027 626 1101 de
652 1029 822 1103 omnibus
848 1032 986 1132 poterit
1010 1030 1218 1107 informare.
1319 1069 1346 1078 „

131 1133 222 1210 Mihi
238 1161 339 1208 nunc
361 1136 467 1236 plura
487 1133 680 1235 superinde
699 1135 804 1236 loqui
822 1161 897 1209 non
916 1137 1002 1211 satis
1021 1139 1135 1211 visum
1153 1153 1219 1228 est,

132 1244 209 1344 ipso
233 1237 368 1338 eodem
395 1240 554 1315 relatore
576 1258 613 1315 et
635 1239 844 1316 mediatore«
863 1258 1065 1317 contentus.
1095 1242 1220 1320 Caete-

132 1373 215 1423 rum
234 1344 329 1421 duce
348 1362 393 1421 et·
405 1344 534 1446 opifice
552 1348 653 1438 Dec,
675 1373 748 1450 ego
767 1349 839 1422 iam
856 1349 1048 1451 accingor,
1077 1345 1220 1424 deside·

133 1470 251 1528 ratum
272 1451 361 1526 diu
349 1470 422 1526 iter
438 1471 707 1551 prosecuturus
727 1455 894 1559 Incipere
913 1481 992 1530 rem
1011 1453 1105 1529 banc
1120 1483 1221 1558 gran·

96 1551 100 1567 '
135 1557 219 1632 dem
240 1584 322 1632 mea
339 1558 527 1654 interfuit3
550 1563 705 1681 exsequi
722 1585 812 1637 vero
831 1578 868 1636 et
883 1557 1086 1654 conficere,
1114 1587 1224 1668 supe·

135 1664 296 1738 rioribus
315 1663 464 1740 viribus
474 1667 661 1738 etnumini
675 1685 899 1744 reservatum
916 1683 981 1741 est.
1000 1665 1122 1742 Habet
1138 1692 1223 1742 sane
1322 1715 1328 1725 ,

135 1768 185 1845 Μ.
195 1771 249 1844 V.
267 1771 352 1844 satis
371 1788 582 1876 competens
601 1773 640 1844 in
659 1798 759 1846 care
778 1769 978 1848 exordium
1001 1770 1124 1875 Agat
1114 1775 1223 1875 igitur

137 1873 308 1977 deinceps
327 1901 477 1951 necesse
496 1894 563 1969 est,
586 1895 700 1980 prout
721 1876 859 1952 divino
871 1877 1055 1980 obsequio
1081 1895 1118 1950 et
1138 1904 1223 1954 suae

137 1982 275 2083 gloriae
295 1977 500 2058 conducere
520 1984 629 2057 satius
651 1985 762 2069 norit.
781 1981 1056 2058 Recommendo
1077 1986 1224 2060 meMa·

137 2090 256 2167 iestati
278 2105 427 2162 vestrae.
463 2090 556 2163 Data
578 2086 700 2162 Budae
719 2088 862 2164 XXIV
876 2090 1008 2162 mensis
1027 2089 1131 2167 Iunii
1152 2091 1222 2231 An.

139 2188 289 2267 Domini
306 2194 639 2269 MCCCCXLVIH.

180 2332 295 2398 ibidem
312 2335 400 2419 epist
389 2336 469 2396 31.

504 2592 509 2601 ,
629 2513 728 2587 XLI.
761 2570 765 2579 .

138 2652 224 2715 Idem
245 2653 429 2715 Michaelem
453 2656 555 2714 Doczi
588 2652 743 2734 stipendia
770 2653 923 2715 militibus
962 2657 1116 2718 exsolvere
1141 2655 1224 2720 iubet

230 2760 512 2866 An.14l8.·
1071 2782 1075 2788 ’

221 2853 390 2961 Ioannes
409 2884 455 2960 de
470 2883 629 2985 Hunyad
649 2925 704 2940 -
723 2931 774 2946 -
803 2888 944 2961 Dicunt
965 2889 1074 2962 nobis
1094 2891 1224 2964 Paulus

128 2996 211 3068 ‘Zur
231 3010 268 3067 et
284 2984 471 3066 Ladislaus
488 2991 640 3096 Sogan,
664 2983 767 3092 quod
792 2985 908 3066 adbuc
930 2993 1134 3114 stipendia
1125 3021 1233 3097 1pso·

136 3100 220 3175 rum
240 3121 316 3173 non
307 3089 541 3173 solvissetis.
568 3097 656 3171 Ideo
676 3096 863 3190 volumus,
886 3113 927 3171 ut
948 3101 1030 3173 visis
1050 3128 1221 3204 praesen·
1327 3192 1335 3203 .

137 3204 232 3280 tibus
259 3205 409 3303 eosdem
440 3203 722 3278 exsolvatisae—
742 3203 913 3278 Datum
903 3231 941 3278 m
958 3205 1107 3309 Megyes
1128 3204 1220 3282 Sab-

140 3310 253 3387 batbo
282 3313 452 3414 proximo
471 3312 567 3383 inter
598 3325 743 3383 octavas
766 3307 849 3383 festi
875 3313 1026 3412 pretiosi
1044 3311 1220 3438 Corporis

136 3418 278 3494 Christi
298 3420 416 3492 Anno
437 3413 770 3491 MCCCCXLVlll.

177 3562 299 3667 sMsp
316 3556 473 3659 Coruides

534 3729 536 3732 ⁵
615 3738 727 3813 XLII.
780 3748 782 3753 ’
889 3747 892 3754 ‘

134 3822 221 3947 Idem
237 3881 277 3944 de
293 3901 386 3942 nervo
403 3899 508 3947 rerum
520 3861 730 3962 gerendarum
742 3857 900 3960 providet.
923 3859 983 3962 Ᾱιι
1001 3876 1096 3938 1448.

244 4003 374 4168 Nobili
394 3999 568 4136 Odvudo
596 3998 743 4094 Italico,
775 3999 994 4180 (bimestris8
1009 4014 1139 4138 ¹postro
1160 4037 1217 4062 -·
