2708 4568
128 531 345 637 Pangmtins
365 527 411 608 de
432 528 472 607 S.
494 525 679 634 Montio.)
718 530 778 607 vt.
797 533 885 613 Lata
907 535 1095 639 superiore
1121 565 1218 613 anno

133 639 267 716 iudicia
295 637 537 714 stabiliuntur.
572 638 650 713 vlt.
674 638 795 713 Poena
817 641 985 716 statuitur
1008 643 1046 716 in
1071 638 1217 722 defrau·
1299 680 1302 685 >

134 745 279 821 datores
310 745 438 831 aerarii
468 742 628 847 publici,
666 746 720 819 uti
749 762 786 820 et
811 771 1046 824 excessuosos
1075 754 1246 824 exenni.

131 869 287 927 tuentes
297 851 577 927 vrttnonene
593 852 696 925 cusin
711 876 825 953 usque
841 852 1115 932 subsecuturam
1129 846 1220 933 nori

132 960 228 1062 regis
247 956 519 1032 ordinationem
537 955 780 1060 suspenditur.
807 957 875 1035 IX.
899 959 1043 1036 Interea
1063 958 1223 1064 proven

133 1083 192 1140 tns
211 1064 347 1167 regulus
368 1079 405 1137 et
430 1061 697 1165 reginalespro
718 1061 1069 1242 ficheservantnr.
1092 1110 1145 1127 -
1166 1058 1217 1143 X.

134 1174 375 1261 Cannicum,
399 1192 465 1270 per
484 1194 579 1272 quos
600 1169 711 1271 aliqui
732 1195 779 1272 pr
822 1171 878 1243 sui
895 1195 943 1245 ex
964 1169 1086 1247 hostili
1108 1172 1232 1277 capti-.-

133 1278 248 1353 vitate
276 1273 515 1378 eliberatione
542 1273 640 1349 bona
666 1300 730 1349 sna
761 1274 969 1378 obligarunt
977 1302 992 1371 ‚·
1015 1281 1216 1355 irritantur.

136 1382 201 1456 XI.
216 1383 337 1457 Poena
359 1384 396 1454 in
418 1407 493 1474 ens,
515 1375 580 1485 qni
601 1381 774 1482 spoliant
795 1378 1094 1484 depraedationes
1114 1408 1220 1460 exer·

136 1489 289 1562 ruerint.
307 1489 387 1562 XII.
409 1489 530 1560 Poena
549 1479 689 1585 inleos,
719 1490 783 1589 qui
807 1505 893 1588 post
919 1493 1218 1566 convocationem
1296 1540 1300 1547 ·

135 1593 332 1696 praesentis
352 1591 616 1696 dicetnespnlia
634 1591 814 1668 eiusmodi
831 1597 1089 1672 commiserint.
1117 1596 1218 1673 XIII.

130 1703 177 1776 ,In
202 1724 327 1774 casnm
343 1700 564 1773 imminentn
584 1723 669 1773 cnm
697 1701 861 1775 exercitu
873 1700 1106 1803 Imperatoris
1121 1703 1219 1778 Tur·

135 1830 267 1882 comm
296 1805 384 1878 belli
411 1804 589 1909 generdis
613 1804 829 1882 insurrectio
859 1805 1082 1885 decernitur.
1115 1811 1218 1886 XIV.

135 1906 314 1989 Beneficia
334 1912 599 2003 ecelesiastica,
623 1937 644 1985 e
664 1911 831 1987 manibus
852 1913 1031 1989 laieorum
1049 1933 1216 2016 recepta,
1321 1976 1324 1989 .

136 2019 344 2095 domesticis
383 2017 662 2109 ecclesiasticis,
681 2015 875 2119 'Abbatiae
905 2043 996 2109 vern
1024 2023 1218 2123 respectivi

90 2151 94 2161 ⁸
132 2122 277 2202 ¹ordinis
305 2120 483 2229 religiosis
508 2121 752 2199 conferantur.
789 2122 874 2209 XV.
901 2123 1097 2227 Sculpetur
1121 2126 1217 2229 sigil-
1332 2164 1337 2179 ·-

134 2235 212 2307 lum
233 2231 336 2335 regni
360 2249 398 2307 et
418 2229 488 2305 boc
514 2252 632 2329 usque
657 2231 934 2317 coronationem
949 2231 1053 2334 regis
1071 2230 1217 2306 litterae

134 2337 324 2415 iudmiales
341 2338 541 2440 signentur.
568 2334 668 2411 XVI.
686 2335 831 2411 Nemini
848 2336 953 2411 liceat
969 2338 1007 2409 in
1024 2337 1140 2437 prima
1160 2338 1218 2411 in·

133 2447 265 2519 stantis
291 2442 338 2517 ad
361 2446 501 2520 curiam
522 2468 708 2517 romanam
735 2466 937 2518 munere.
972 2444 1089 2521 XVII.
1106 2444 1216 2518 Telo·

134 2556 192 2625 nia
204 2564 454 2654 postmortem
463 2546 606 2625 Alberti
622 2550 715 2652 regis
731 2565 854 2625 erecta
864 2547 1066 2627 abolenun.
1079 2549 1214 2626 XVIII.

135 2658 406 2733 Mercatoribus
430 2658 548 2731 salvus
570 2656 773 2732 conductus
795 2657 1021 2735 conceditur.
1039 2698 1089 2713 -
1108 2659 1214 2733 XIX.

134 2768 271 2839 Poena·
287 2767 329 2839 in
363 2788 451 2857 eos,
487 2764 552 2866 qui
587 2780 669 2864 post
704 2765 988 2841 conventionem
1017 2765 1216 2870 praesentis

135 2870 278 2945 diaetae
302 2888 449 2947 exteros
472 2868 654 2945 fortalitiis
679 2871 752 2944 suis
780 2868 993 2945 induxerint
1012 2888 1049 2946 et
1065 2897 1132 2975 per
1147 2894 1214 2946 eos
1268 2873 1273 2879 ’

134 2977 254 3078 spolia
269 2978 613 3080 patraverintXX.
627 2977 750 3049 Poena
775 2977 814 3046 in
830 2976 1113 3070 exercituantcs,
1149 2977 1213 3078 qui
1332 3062 1339 3071 ²

133 3082 306 3159 victualia
328 3082 557 3182 extorserint.
592 3081 699 3171 XXI.
713 3078 757 3153 In
775 3105 897 3152 casum
912 3077 1079 3156 decretae
1094 3084 1213 3156 insur-
1298 3146 1305 3157 ,

132 3186 307 3265 rectionis
325 3189 431 3263 etiam
447 3187 648 3269 banderinti
666 3183 841 3261 banderi'n
855 3176 920 3261 suri
935 3186 1055 3273 levare
1071 3204 1214 3262 tenean-
1241 3223 1249 3233 ·

134 3314 205 3370 tur.
242 3296 361 3387 xxu.
384 3298 564 3370 Concessa
584 3321 605 3366 a
623 3289 853 3397 sigismundo
878 3291 1019 3368 colonis
1034 3290 1215 3397 migrandi

131 3401 284 3477 libertas
300 3409 513 3477 renovetur.
542 3400 679 3477 XXIII.
709 3398 833 3476 Motae
848 3396 896 3475 de
914 3399 1127 3491 commissis,
1145 3395 1213 3472 sub

131 3510 344 3612 praeteritis·
374 3496 586 3601 disturbiis,
622 3504 835 3585 criminibus
867 3530 994 3585 causae
1021 3505 1060 3581 in
1086 3506 1215 3609 primis

131 3617 271 3690 octavis
289 3616 546 3709 terminentur.
574 3613 627 3691 Vt
643 3631 765 3689 eutem
779 3611 871 3690 baec
892 3610 1014 3687 omnia
1041 3618 1079 3687 el
1100 3622 1214 3716 quic·

131 3723 481 3821 vispraemissnrum
496 3722 631 3826 singula
647 3718 809 3796 debitam
825 3717 1024 3795 efficaciam
1042 3735 1078 3793 ct
1096 3719 1214 3794 robur
1336 3798 1342 3812 ,

130 3825 324 3902 obtineant
348 3827 545 3922 firmitatis,
574 3828 621 3902 ab
634 3827 884 3931 ,omnibusque
910 3840 948 3900 et
962 3825 1108 3928 singulm
1128 3822 1214 3898 effe-

127 3934 227 4006 ctive
252 3932 513 4023 observentur,
551 3935 628 4009 Nos
644 3934 816 4026 Praelati‚
843 3932 1023 4024 Berones,
1042 3928 1216 4022 Nobiles,-

129 4039 325 4133 Prnceres‘,
356 4041 612 4141 civitatenses,
650 4056 688 4157 et
705 4039 849 4116 incolae
870 4040 979 4143 regini
990 4034 1095 4112 buim
1103 4036 1217 4113 :flun-
