2708 4568
10 194 13 201 ’
97 202 226 352 Μ

60 513 64 524 ·
145 458 287 563 inferre¹
306 482 478 575 conatur,
514 479 552 553 in
581 476 736 583 speciale
764 477 1026 581 praeiudicium
1055 478 1231 589 saepefati

15 619 17 625 ’
143 586 295 677 Domini
311 587 429 662 nostri
447 587 540 690 'regis
559 584 717 661 Ladislai
733 590 770 660 et
785 587 982 695 periclitari
999 578 1105 687 huius
1115 592 1231 696 regni.

142 698 297 775 Etsslioet
313 689 485 769 omnibus
493 689 615 778 modis
639 690 882 788 instabamus,
910 695 1059 796 viasque
1079 717 1232 798 quaere·

144 802 294 896 hamus,
318 816 362 877 ut
388 800 474 872 talia
498 796 736 879 amicabiliter
750 792 1163 907 potuissent'iutercipi,
1192 815 1231 878 et

16 974 20 978 .
144 935 216 1027 pro
237 935 283 1009 eo
306 932 390 982 cum
420 908 500 1007 ipso
524 903 692 991 dolianne
717 904 1078 984 Gishra‘amitabiles
1094 907 1230 984 babere

145 1012 408 1117 qsraerebamus
432 1026 625 1104 mactatus,
657 1009 723 1084 sed
750 1009 840 1085 nihil
867 1006 1001 1086 horum
1023 1010 1070 1088 ab
1097 1015 1230 1092 eodem

145 1118 532 1222 obtinere'potuimus,
556 1116 642 1221 quia
660 1113 758 1223 nihil·
769 1116 868 1191 aliud
881 1119 934 1220 ,ing
945 1120 1025 1221 ipso
1040 1124 1229 1216 sentimus,

143 1227 217 1303 nisi
235 1224 346 1332 quod
358 1223 570 1299 manifestus>
583 1220 794 1299 destructor
811 1239 849 1299 et
861 1225 1026 1301 iuimicus
1046 1223 1153 1303 huius
1172 1253 1264 1304 rem

116 1400 119 1405 .
144 1334 207 1439 gni
226 1358 304 1407 esse
323 1331 445 1425 vetit,
456 1331 496 1405 in
510 1327 778 1430 ‘praeiudicium
800 1329 972 1435 saepefati
986 1333 1140 1409 Domini
1159 1357 1228 1410 no·

144 1438 212 1517 stri
237 1439 386 1544 gratiosi
415 1435 511 1540 regis
533 1420 710 1527 Ladislai,
746 1436 1017 1543 universimque
1042 1432 1117 1542 'pro
1138 1443 1228 1516 tunc

11 1591 14 1595 -
137 1546 313 1649 ,tempore
330 1542 451 1627 dietae
463 1541 745 1645 compositionis
764 1568 848 1616 eum
868 1550 1043 1637 annotato
1059 1544 1226 1621 Jobanne
1261 1638 1264 1643 ³

13 1699 18 1715 .
142 1650 276 1725 Gishra
296 1648 433 1740 laetae,
455 1646 737 1750 adpetitionem
758 1647 919 1723 eiusdem
938 1676 1005 1725 vos
1026 1651 1134 1749 nobis
1155 1651 1225 1731 oh·

143 1757 357 1858 ligaveritis,
385 1751 534 1856 quodsi
552 1752 649 1827 idem
669 1754 858 1829 Giskrain
878 1756 963 1859 ipsis
984 1759 1224 1860 compositio·

140 1863 253 1938 nibus
274 1885 490 1967 permanere
510 1859 650 1952 nollet,
678 1876 813 1935 extunc
832 1887 899 1937 vos
919 1861 1011 1959 velie
1030 1889 1115 1938 eum
1135 1864 1223 1938 totis

141 1968 282 2059 viribus
311 1985 349 2041 et
368 1962 529 2068 potentia
552 1967 592 2039 in
618 1965 820 2041 subsidium
844 1964 951 2045 huius
975 1971 1078 2072 regni
1096 1970 1221 2043 insur-

14 2126 26 2133 -
143 2102 249 2178 gere,
284 2073 467 2176 nobisque
491 2069 635 2146 adstare
656 2090 694 2149 et
719 2089 851 2148 contra
877 2070 994 2178 ipsum
1018 2072 1225 2151 Jobannem·

143 2182 274 2258 Giskra
289 2177 468 2255 hostiliter
487 2175 689 2281 procedere
709 2196 747 2252 et
763 2205 868 2282 agere
888 2172 1036 2257 velletis.
1064 2185 1115 2256 At
1131 2193 1223 2255 tum·

141 2291 210 2362 etsi
228 2312 294 2363 vos
311 2285 357 2360 ad
376 2281 583 2361 huiusmodi
607 2284 721 2360 modo
747 2287 947 2390 praemisso
972 2314 1047 2362 non
1066 2288 1220 2391 obligas·

141 2396 249 2488 setis,
280 2390 411 2467 adhuc
436 2409 553 2494 aeque
585 2386 699 2482 bene,
735 2400 851 2495 quum
877 2391 923 2468 de
950 2393 1080 2470 eodem
1105 2416 1219 2496 regno
1269 2479 1272 2483 ,

140 2525 280 2587 sumus,
309 2515 347 2572 et
362 2525 476 2570 unum
491 2496 646 2597 speciale
661 2496 869 2574 membrum
886 2500 1061 2595 existitis,
1086 2499 1137 2576 ob
1151 2500 1219 2576 bo·

6 2614 10 2623 '
138 2630 269 2691 norem
294 2618 332 2677 et
355 2595 708 2707 profectum‚saepe·
725 2607 900 2695 nominati
924 2607 1074 2680 Domini
1098 2609 1218 2701 nostri

139 2701 312 2815 gratiosi,
340 2724 379 2781 et
401 2707 803 2809 tranquillumstatum,
831 2696 1020 2786 utilltatem
1043 2712 1218 2818 reipubli-

134 2842 215 2909 cae,
234 2810 339 2890 huius
353 2814 470 2889 nativi
482 2813 585 2916 rrgni
601 2818 733 2889 merito
751 2816 922 2913 tenemini
933 2817 1047 2893 bobis
1063 2812 1219 2912 adstare,

134 2940 176 3012 ¹et
194 2938 323 2999 contra
337 2945 413 3014 aus,
433 2922 497 3024 qui
513 2919 617 2995 buius
634 2922 737 3026 regni
755 2922 905 2998 turbare
918 2926 1217 3029 tranquillitatum

135 3024 347 3121 intendunt,
376 3026 666 3103 unanobiscum
692 3026 931 3103 totis-viribus
949 3033 1078 3107 vestris
1097 3031 1217 3108 insur-

108 3209 111 3216 .
136 3140 222 3242 gere
249 3138 437 3236 etegere3
455 3138 533 3210 'nos
556 3136 653 3207 enim
670 3135 755 3208 visis
781 3149 838 3209 tot
857 3134 981 3232 malis,
1016 3164 1112 3241 quae
1129 3135 1216 3214 huic

135 3256 250 3349 regno
267 3239 482 3333 inferuntur,
496 3240 611 3319 inDei
628 3241 774 3320 nomine
788 3267 855 3316 vos
877 3260 963 3316 'cum
975 3244 1110 3320 nostris
1128 3269 1214 3348 gen·

53 3363 55 3367 “
135 3349 234 3425 tibus
253 3349 292 3424 in
311 3370 478 3448 campum
497 3372 581 3420 cum
596 3346 667 3420 Dei
691 3345 897 3441 adiutorio,
924 3344 996 3423 hoe
1017 3342 1213 3462 'regnuma

120 3457 314 3557 perversis
338 3449 498 3529 eiusdem
523 3451 653 3526 Gishre
679 3453 869 3527 conatibus
893 3453 1213 3533 defendere'labu·

48 3597 51 3603 ·
100 3570 103 3575 '
132 3559 303 3639 rabimus.
323 3601 375 3617 -·
394 3559 479 3647 Quo
499 3557 596 3631 circa
618 3577 754 3634 vestras
780 3558 970 3661 diligenter
992 3562 1214 3663 requirimus

132 3668 325 3759 amicitias,
352 3680 527 3767 quatenus
547 3689 630 3738 cum
649 3666 733 3739 totis
751 3669 876 3742 vestris
894 3666 1029 3742 viribus
1048 3683 1086 3742 et
1104 3694 1212 3772 posse

131 3775 237 3851 citius
257 3775 524 3875 insurgere,··et
538 3770 576 3844 iu
594 3795 761 3872 campum
778 3771 884 3848 nobis
901 3774 946 3845 in·
957 3774 1131 3849 auxilium
1149 3800 1213 3849 ve·

28 3938 32 3943 -
131 3877 367 3970 sintvelius,
397 3903 440 3961 ao
462 3903 533 3955 uua
558 3876 752 3953 nobiscum
776 3903 842 3953 vos
863 3877 982 3956 eidem
999 3879 1153 3956 Giskrae·
1174 3897 1212 3957 et

129 3982 197 4059 sibi
225 3981 502 4063 adhaerentibus
529 3983 689 4060 totaliter
719 4009 927 4088 opponere,
964 4003 1005 4060 ut
1032 3984 1107 4062 boc
1129 4012 1209 4093 reg·
