2708 4568
133 298 204 367 -40

103 584 107 589 ,
149 506 225 583 vita
240 517 324 578 suot
341 497 524 577 interdum
535 500 578 571 ad
600 499 787 602 publicam
805 501 996 587 utilitatem
1007 495 1234 587 conducere,
1251 504 1257 512 '

149 610 354 691 accuratius
371 605 531 681 ordinari
547 623 589 681 et
607 603 771 708 disponi,
800 607 989 699 itta-vero,
1016 598 1111 707 quae
1131 629 1243 701 com(

147 718 268 793 munis
288 713 546 789 taciturnitatis
569 730 606 784 et
625 711 764 789 dissidii
793 714 983 787 materiam
1009 713 1235 801 immittere,

147 823 266 925 agnita
283 836 387 910 sunt,
416 817 665 920 providentiae
691 819 833 894 sarculo
854 819 1077 920 exstirpari
1061 834 1101 891 et
1124 815 1263 893 evelli.-

126 927 340 1004 ·sollicitius
365 925 595 1001 curabantur.
630 925 717 1013 Quo
739 941 848 1027 pacto
873 939 1013 1014 etnos,
1042 923 1108 1025 qui
1128 946 1235 1033 prae-

74 1096 78 1103 .
148 1034 305 1113 sentium
332 1049 538 1134 temporum
564 1029 624 1104 die
650 1056 796 1105 curstun
824 1032 970 1105 vitalem
993 1016 1233 1119 deducimus,

79 1206 83 1212 .
144 1154 357 1241 ¹opportune
387 1137 553 1215 arbitrati
574 1162 716 1225 sumus,
755 1162 839 1210 cum
869 1139 948 1237 pari
977 1133 1091 1229 modo
1109 1152 1146 1209 et
1162 1160 1236 1236 per

136 1262 216 1320 ‘nos
232 1246 367 1318 mutati
387 1269 536 1347 operam
556 1240 711 1329 debere,
731 1259 907 1343 quatenus
924 1268 983 1321 res
1001 1220 1109 1316 buius
1128 1240 1236 1344 regni

149 1368 186 1427 et
205 1368 330 1425 nostra
359 1352 461 1423 iuxta
486 1347 747 1422 modernorum
775 1349 985 1472 qualitatem
1004 1346 1235 1467 agendorum

146 1472 187 1532 et
205 1473 435 1580 temporum,
464 1457 571 1528 sicuti
599 1453 803 1557 ptovide
776 1481 828 1529 sic
847 1471 885 1526 et
908 1451 1105 1528 salubriter
1129 1452 1233 1550 regi,

74 1574 77 1579 '
149 1588 191 1637 ac
216 1562 254 1636 in
277 1561 426 1661 melius,
453 1577 600 1634 auctore
617 1562 778 1633 Domino
798 1560 906 1662 dirigi
924 1563 1139 1665 propensius
1158 1584 1235 1631 co·-

149 1685 353 1771 gnoscatur
391 1667 432 1743 si
461 1665 609 1769 quidem
628 1684 776 1740 mortuo
798 1694 916 1769 nuper
934 1681 972 1739 et
1000 1665 1046 1740 de
1072 1663 1139 1741 bae
1158 1666 1236 1737 vita

55 1802 57 1807 ’
129 1766 292 1847 'sublato
310 1771 495 1874 quondam
513 1774 759 1863 Illustrissimo
778 1772 902 1847 bonae
917 1797 1114 1846 memoriae
1126 1771 1186 1845 Ρι
1177 1798 1234 1843 ιιι
1269 1819 1273 1826 ·

150 1880 254 1981 cipe,
292 1881 453 1954 Domino
479 1879 635 1953 Alberto
659 1880 910 1953 Romanorum
937 1895 972 1952 et
994 1878 1098 1951 buius
1129 1875 1236 1977 regni

48 2071 51 2075 ¹
149 1985 272 2088 Hung.
290 1984 501 2061 immediato
518 2011 622 2089 rege,
650 1985 736 2059 dum
757 1985 944 2088 generali
931 2013 978 2058 ιιι.
991 1987 1143 2059 civitate
1152 1983 1234 2055 tsn-

149 2088 266 2164 densi
277 2093 574 2194 congregatione
572 2091 774 2183 celebr,ata
800 2109 1059 2193 cognoscentes
1074 2115 1233 2191 aeguum

149 2194 223 2271 boc
232 2201 371 2324 ,quod
387 2203 628 2303 plurimorum
650 2200 877 2273 aemulorum
896 2214 933 2272 et
950 2197 1144 2300 praecipue
1168 2221 1235 2292 pa·

148 2330 327 2405 generum
361 2309 592 2409 impugnatur
624 2302 855 2389 incursibus,
882 2301 1047 2385 idonec'
1055 2318 1094 2377 et
1116 2297 1264 2375 habiti'

151 2410 313 2485 Rectore
335 2438 460 2487 carere
485 2438 560 2485 uon
586 2437 710 2519 posse,
747 2412 950 2531 missisque
956 2409 1142 2486 communi
1162 2433 1230 2499 vo·

151 2514 307 2607 lentate,
325 2543 568 2617 assensuque
554 2512 811 2592 Serenissimue
829 2516 888 2589 Pr‘
882 2518 1028 2618 moipis,
1048 2514 1231 2593 Dominae

16 2637 23 2654 ¹
149 2618 349 2713 Elisabeth,
363 2624 511 2724 reginae
529 2622 752 2724 Hungariae,
773 2621 927 2725 praefati
949 2620 1133 2726 quondam
1152 2620 1232 2693 Do·

125 2802 128 2809 .
151 2728 400 2807 mmAlbeni
419 2729 512 2831 regis
531 2727 697 2820 relictae,
723 2745 835 2849 prout
859 2727 929 2802 boc
953 2755 1000 2804 ex
1020 2729 1133 2805 literis
1152 2725 1234 2813 eius

151 2832 247 2908 clare
268 2850 419 2927 constat,
443 2833 546 2935 quod
566 2837 675 2907 etiam
693 2835 856 2911 omnium
873 2830 1085 2909 nostrorum
1101 2831 1156 2907 ad
1165 2829 1233 2911 Se·
1269 2834 1272 2839 ’

148 2943 377 3021 senissimum
375 2942 612 3044 Principem,
632 2942 833 3031 Dominum
855 2941 1171 3017 Wladislaum⁰
1108 2964 1148 3013 re
1149 2963 1233 3039 gem

149 3032 336 3124 excelsum
355 3045 549 3142 Pelopiae,
587 3047 809 3122 solemnibus
833 3044 1165 3123 Ambassiatoribus
1193 3062 1233 3119 et

17 3261 20 3266 1
102 3158 108 3165 '
146 3155 284 3237 nuntiis
302 3154 456 3242 nostris,
484 3151 640 3229 cundem
658 3170 838 3277 tanquam·
842 3179 993 3254 regem,
1020 3168 1233 3229 curatorem

150 3276 189 3337 et
208 3278 392 3345 rectorem
410 3258 515 3347 huius
527 3262 640 3361 regni,
656 3286 841 3337 commum
830 3257 1041 3337 desiderio
1060 3258 1232 3351 electum,

49 3438 51 3443 ,
150 3363 198 3439 ad
217 3363 314 3461 huuc
333 3366 481 3458 locum,
518 3369 676 3470 primum
704 3392 790 3467 pro
801 3364 942 3447 bonore
961 3368 1052 3457 Dei,
1081 3381 1120 3443 ιι
1144 3364 1234 3441 fidei

55 3495 57 3499 ·
151 3490 296 3563 sanctae
313 3471 512 3551 catholicae
536 3487 730 3575 augmento
754 3488 793 3565 et
809 3470 956 3549 ἀιιιιιιιιι
981 3496 1053 3575 pro
1074 3471 1232 3549 utilitate

149 3592 276 3653 nostra
293 3579 343 3657 ad
366 3576 636 3702 suscipiendam
652 3603 826 3655 coronam
852 3578 1013 3656 eiusdem
1036 3578 1140 3683 regi
1136 3581 1232 3657 invi·

106 3771 109 3779 ¹
151 3701 303 3778 tassent,
333 3702 371 3761 et
394 3684 636 3790 diligentius
625 3682 799 3759 sustantes
824 3682 1107 3778 induxissemus,
1145 3686 1234 3807 quia

51 3826 53 3833 ·
153 3808 318 3894 tempore
337 3792 544 3868 intermedii
562 3790 721 3893 praefata
731 3793 888 3865 Domina
905 3789 1087 3869 Elisabeth
1105 3794 1236 3897 regina

151 3921 198 3969 ex
217 3896 347 3977 adsere
350 3924 374 3971 o
395 3899 629 3973 aemulorum
654 3914 692 3972 et
710 3900 832 3973 uerius
861 3914 1098 3983 externorum
1114 3897 1234 3973 bomi-

143 4026 238 4075 num
260 4003 420 4095 intestini
440 4003 579 4081 belli
546 4029 641 4095 viam
655 4002 781 4106 potius
800 4006 964 4106 aperite,
992 4030 1112 4105 quam
1125 4031 1234 4109 prae-
1258 4012 1264 4022 '
