2708 4568
1084 297 1160 411 ιιι

64 501 185 611 garire
206 500 348 581 militia
358 501 524 608 extincta
550 513 616 584 est
642 539 696 565 ··
697 501 908 599 Dominus
927 497 1165 591 Gubernator
1262 522 1266 535 ’

66 640 182 734 quum
200 613 238 686 in
259 612 371 701 celeri
397 637 507 687 cursu
532 609 591 695 sui
616 610 826 714 equitante
850 612 889 685 in
915 606 1004 704 belli
1031 612 1203 687 consu·-

67 720 169 795 sione
193 717 325 820 procul
354 744 376 790 ι
403 741 535 819 campo
560 720 768 795 certaminis
791 719 1015 840 elongasset,
1042 720 1160 793 omni·

69 851 141 927 que
165 826 280 901 milite
298 823 479 917 desertos,
508 822 701 899 tutricibus
723 823 896 928 depositis
926 825 1035 900 armis
1056 851 1160 903 erra·

68 928 216 1009 bundus
234 956 301 1032 per
320 928 424 1005 deuia
434 928 614 1024 ferretur,
635 926 793 1014 duorum
801 930 1009 1007 Tuscorum
1028 929 1160 1009 incidit

67 1037 106 1125 in
136 1062 344 1112 manus-
339 1062 530 1137 quorum
551 1037 716 1120 radone
728 1037 846 1113 crucis
872 1063 894 1112 e
920 1035 1019 1111 collo
1046 1039 1175 1141 ipsius

66 1123 280 1246 pendentis,
309 1159 440 1217 mutuo
454 1141 702 1236 luctantium,
716 1167 792 1217 uno
809 1167 941 1237 caeso,
964 1143 1080 1219 altero
1100 1145 1158 1221 lu·

67 1267 153 1352 gato
168 1248 354 1371 liberatus,
375 1274 397 1323 a
417 1246 577 1350 quodum
592 1249 771 1325 llaseiano
789 1274 868 1323 non
882 1199 1158 1327 Naindoralbam

69 1381 147 1454 quo
170 1356 294 1457 petiit,
327 1352 393 1430 sed
419 1355 481 1429 ad
492 1372 652 1431 castrum
672 1353 858 1433 Zendrew
886 1346 1065 1433 deductus
1091 1372 1156 1433 est
1214 1396 1216 1400 ·

67 1462 269 1564 Postquam
287 1477 410 1538 autem
429 1462 594 1565 Georgia
613 1450 778 1564 Despoto
796 1463 996 1550 Dominum
1015 1462 1158 1541 Guber-

66 1584 234 1657 natorem
250 1570 309 1642 sui
328 1570 439 1666 castri
456 1570 552 1643 intra
577 1584 701 1670 portas
725 1594 802 1646 esse
821 1570 1003 1663 innotuit,
1030 1570 1157 1653 imme·

66 1700 168 1768 mor,
181 1673 286 1777 quod
298 1677 415 1750 virtus
430 1689 468 1747 et
484 1699 598 1775 opera
614 1670 773 1755 bominis
790 1670 921 1748 buius
911 1701 1043 1775 ipsum,
1067 1704 1157 1779 pau·

67 1806 145 1859 cos
151 1796 239 1855 tunc
264 1779 485 1883 praeteritos
512 1795 598 1853 ante
626 1804 740 1853 annos
760 1779 983 1881 expulsionis
1010 1782 1155 1859 calami·

66 1902 141 1963 tate
163 1871 355 1976 affectum,
391 1907 459 1956 suo
480 1884 520 1959 in
545 1907 672 1985 regno
687 1909 838 1961 novum
846 1881 1018 1959 effecerat
1036 1884 1155 1970 domi·

66 2020 178 2083 num,
215 1987 484 2091 ingratitudinis
517 1987 647 2066 ductus
676 1989 791 2082 vitio,
825 1991 1023 2113 ingratum
1035 1995 1156 2071 soilli

67 2094 236 2182 exhibuit
260 2093 453 2200 hospitem.
490 2077 662 2173 Detinet-i
682 2097 780 2171 enim
805 2095 949 2170 illum
940 2099 1063 2193 iussit,
1083 2125 1154 2177 neo

69 2230 154 2281 eum
168 2202 378 2303 Hungariae
399 2203 587 2294 Dominis,
611 2226 680 2304 pro
699 2203 795 2278 illius
818 2200 1035 2286 liberatione
1054 2207 1156 2282 solli·
1216 2285 1219 2292 ,

69 2313 141 2403 pite
160 2306 429 2402 laborantibus,
448 2309 626 2402 restituit3
650 2305 772 2385 donec
789 2307 887 2393 idem
894 2310 1004 2386 Dona
1014 2311 1156 2391 Guber-

67 2433 197 2508 nator,
230 2413 347 2490 lilium
376 2438 484 2509 suum
509 2411 717 2489 Ladislaum
745 2432 834 2489 natu
861 2416 1039 2499 maiorem
1071 2439 1156 2523 ergo

67 2546 195 2598 manus
216 2521 309 2596 illius
329 2546 398 2597 sua
417 2524 456 2594 in
475 2547 641 2623 persona
649 2547 720 2624 pro
738 2517 871 2597 obside
891 2521 1034 2605 locavit.
1040 2523 1063 2561 “
1094 2524 1153 2613 Cla
1163 2530 1164 2533 ’

69 2627 245 2704 Cbalcon
264 2608 359 2730 apud
377 2628 531 2716 Stritter
547 2629 656 2703 Tom
658 2629 781 2733 lIl.p
782 2633 901 2704 ,·.747
941 2628 1047 2705 Bonf
1059 2633 1154 2711 Dec.

67 2736 129 2810 ΙΙΙ.
159 2732 223 2808 lib
250 2735 328 2808 Vll.
363 2731 651 2838 DlugossumL.
675 2655 781 2810 Xlllp.
804 2735 876 2811 ool.
902 2740 966 2811 48.
982 2763 1075 2840 sqq.
1099 2779 1152 2794 —-

69 2838 270 2917 Confirmat
297 2838 487 2917 Ladislaus
513 2838 793 2919 Postbumus:
799 2843 869 2933 „ln
896 2866 975 2942 quo
1005 2842 1155 2945 quidem

67 2926 318 3051 garbernatoris
348 2941 496 3036 officio,
530 2973 638 3047 quam
663 2947 777 3039 iuste,
805 2949 967 3048 integre,
991 2947 1154 3027 fortiter·

67 3079 142 3157 que
165 3077 319 3157 regnum
338 3049 431 3127 illud
447 3066 577 3126 nostro
614 3052 761 3129 nomine
785 3046 1095 3150 administrarit,
1100 3075 1154 3133 ιι·

65 3160 208 3252 nuerit,
248 3175 427 3257 quantave
458 3155 682 3259 diligentia
672 3184 711 3231 an
736 3156 893 3254 tutando
925 3183 1040 3263 regno
1069 3186 1154 3239 usus

64 3265 195 3359 fuerit,
230 3261 341 3340 fidem
370 3262 510 3338 faciunt
537 3263 649 3338 fortia
677 3288 741 3337 sua
764 3277 863 3357 arta,
888 3279 963 3343 tam
980 3265 1153 3347 adversus

64 3372 248 3462 Teucros,
272 3397 381 3494 quam
402 3370 617 3445 intrinsecae
645 3394 796 3474 guerrae
824 3371 964 3474 sopitos
984 3389 1153 3452 auctores
1246 3373 1250 3376 ’

64 3496 102 3552 ιι
113 3482 341 3579 praesertim
360 3493 447 3551 acta
464 3477 553 3569 alia,
581 3473 761 3586 quaedum
779 3474 974 3553 fortissima
982 3481 1150 3603 praelia,

64 3583 212 3673 tandem
236 3583 367 3687 grandi
396 3584 567 3685 gentium
574 3607 773 3677 numero,
791 3584 1090 3666 ιιιιιιιιιοιιιιιιιιιι
1087 3588 1153 3673 in·

28 3687 31 3691 ’
51 3716 179 3795 pensa
201 3708 353 3783 coacto,
386 3713 472 3762 eum
491 3688 603 3791 ipsius
619 3691 850 3769 Teucrorum
870 3692 1077 3797 Principis
1068 3719 1153 3795 per·

64 3823 156 3872 sona
175 3813 212 3871 et
232 3812 309 3871 tota
330 3822 394 3869 sua
388 3796 593 3917 potentia,
619 3796 662 3868 in
676 3798 919 3917 propriaque
922 3813 1021 3873 terra
1039 3798 1155 3900 ipsius
1235 3795 1237 3799 ¹

63 3901 206 3995 media,
234 3901 461 4021 magnanimi
486 3900 697 3985 strenuitate
723 3905 877 4006 peregit.
903 3903 967 3979 In
995 3905 1153 4007 quibua,

63 4010 132 4116 etsi
158 4009 318 4089 occulto
327 4006 398 4083 Dei
424 3993 637 4104 iudicio,
622 4033 688 4120 qur
676 4005 808 4113 saltu
825 4009 963 4105 novit,
995 4034 1064 4141 cur
1057 4037 1154 4133 per
1232 4009 1249 4121 Ἰ
1302 4012 1307 4026 “
