<?xml version="1.0" encoding="UTF-8"?>
<!DOCTYPE html PUBLIC "-//W3C//DTD XHTML 1.0 Transitional//EN"
    "http://www.w3.org/TR/xhtml1/DTD/xhtml1-transitional.dtd">
<html xmlns="http://www.w3.org/1999/xhtml" xml:lang="en" lang="en">
 <head>
  <title>
</title>
<meta http-equiv="Content-Type" content="text/html;charset=utf-8" />
  <meta name='ocr-system' content='tesseract 3.04.00' />
  <meta name='ocr-capabilities' content='ocr_page ocr_carea ocr_par ocr_line ocrx_word'/>
</head>
<body>
  <div class='ocr_page' id='page_1' title='image "./genusincunabula00fejgoog_0232.png"; bbox 0 0 2708 4568; ppageno 0'>
   <div class='ocr_carea' id='block_1_1' title="bbox 1081 292 1200 388">
    <p class='ocr_par' dir='ltr' id='par_1_1' title="bbox 1081 292 1200 388">
     <span class='ocr_line' id='line_1_1' title="bbox 1081 292 1200 388; baseline 0.008 -1"><span class='ocrx_word' id='word_1_1' title='bbox 1081 292 1172 388; x_wconf 82' lang='grc' dir='ltr'><strong>ιιι</strong></span> <span class='ocrx_word' id='word_1_2' title='bbox 1196 320 1200 330; x_wconf 75' lang='grc'><em>’</em></span> 
     </span>
    </p>
   </div>
   <div class='ocr_carea' id='block_1_2' title="bbox 11 519 1260 2304">
    <p class='ocr_par' dir='ltr' id='par_1_2' title="bbox 11 519 1260 2300">
     <span class='ocr_line' id='line_1_2' title="bbox 70 519 1175 630; baseline 0.007 -32"><span class='ocrx_word' id='word_1_3' title='bbox 70 522 155 598; x_wconf 84' lang='lat' dir='ltr'><strong>miis</strong></span> <span class='ocrx_word' id='word_1_4' title='bbox 178 519 280 601; x_wconf 84' lang='lat' dir='ltr'><strong>lactis</strong></span> <span class='ocrx_word' id='word_1_5' title='bbox 296 548 382 601; x_wconf 87' lang='lat' dir='ltr'><strong>eum</strong></span> <span class='ocrx_word' id='word_1_6' title='bbox 406 519 510 599; x_wconf 80' lang='lat' dir='ltr'><strong>daret</strong></span> <span class='ocrx_word' id='word_1_7' title='bbox 533 524 898 630; x_wconf 60' lang='lat' dir='ltr'><strong>successor-,amnui</strong></span> <span class='ocrx_word' id='word_1_8' title='bbox 912 519 1062 630; x_wconf 87' lang='lat' dir='ltr'><strong>abipso</strong></span> <span class='ocrx_word' id='word_1_9' title='bbox 1076 542 1175 615; x_wconf 68' lang='lat' dir='ltr'><strong>nott,</strong></span> 
     </span>
     <span class='ocr_line' id='line_1_3' title="bbox 70 628 1154 755; baseline 0.006 -53"><span class='ocrx_word' id='word_1_10' title='bbox 70 628 331 755; x_wconf 80' lang='lat' dir='ltr'>degeneraret,</span> <span class='ocrx_word' id='word_1_11' title='bbox 368 631 589 743; x_wconf 79' lang='lat' dir='ltr'><strong>tutelamque</strong></span> <span class='ocrx_word' id='word_1_12' title='bbox 608 630 814 714; x_wconf 81' lang='lat' dir='ltr'><strong>Christiani</strong></span> <span class='ocrx_word' id='word_1_13' title='bbox 826 631 983 707; x_wconf 87' lang='lat' dir='ltr'><strong>nominis</strong></span> <span class='ocrx_word' id='word_1_14' title='bbox 1004 658 1046 708; x_wconf 86' lang='lat' dir='ltr'><strong>ea</strong></span> <span class='ocrx_word' id='word_1_15' title='bbox 1064 657 1154 710; x_wconf 87' lang='lat' dir='ltr'><strong>con·</strong></span> 
     </span>
     <span class='ocr_line' id='line_1_4' title="bbox 55 737 1260 859; baseline 0.004 -47"><span class='ocrx_word' id='word_1_16' title='bbox 55 737 201 835; x_wconf 85' lang='lat' dir='ltr'><strong>¹stantia</strong></span> <span class='ocrx_word' id='word_1_17' title='bbox 233 737 463 859; x_wconf 84' lang='lat' dir='ltr'><strong>susciperet,</strong></span> <span class='ocrx_word' id='word_1_18' title='bbox 497 750 607 840; x_wconf 84' lang='lat' dir='ltr'><strong>quam</strong></span> <span class='ocrx_word' id='word_1_19' title='bbox 645 738 723 839; x_wconf 86' lang='lat' dir='ltr'><strong>ipsc</strong></span> <span class='ocrx_word' id='word_1_20' title='bbox 753 739 838 812; x_wconf 77' lang='lat' dir='ltr'><strong>erim</strong></span> <span class='ocrx_word' id='word_1_21' title='bbox 864 764 1004 815; x_wconf 82' lang='lat' dir='ltr'><strong>summa</strong></span> <span class='ocrx_word' id='word_1_22' title='bbox 1038 740 1155 844; x_wconf 83' lang='lat' dir='ltr'><strong>gloria</strong></span> <span class='ocrx_word' id='word_1_23' title='bbox 1257 834 1260 841; x_wconf 18' lang='grc' dir='ltr'>Ι</span> 
     </span>
     <span class='ocr_line' id='line_1_5' title="bbox 69 842 1155 948; baseline 0.004 -30"><span class='ocrx_word' id='word_1_24' title='bbox 69 859 176 918; x_wconf 85' lang='lat' dir='ltr'><strong>antea</strong></span> <span class='ocrx_word' id='word_1_25' title='bbox 205 842 252 916; x_wconf 85' lang='lat' dir='ltr'><strong>ab</strong></span> <span class='ocrx_word' id='word_1_26' title='bbox 282 844 431 917; x_wconf 88' lang='lat' dir='ltr'><strong>ineunte</strong></span> <span class='ocrx_word' id='word_1_27' title='bbox 457 858 575 919; x_wconf 87' lang='lat' dir='ltr'><strong>aetate</strong></span> <span class='ocrx_word' id='word_1_28' title='bbox 599 844 840 945; x_wconf 78' lang='lat' dir='ltr'><strong>suscepisset,</strong></span> <span class='ocrx_word' id='word_1_29' title='bbox 882 860 920 919; x_wconf 89' lang='lat' dir='ltr'><strong>et</strong></span> <span class='ocrx_word' id='word_1_30' title='bbox 954 864 1155 948; x_wconf 84' lang='lat' dir='ltr'><strong>susceptam</strong></span> 
     </span>
     <span class='ocr_line' id='line_1_6' title="bbox 68 948 1170 1052; baseline 0.005 -30"><span class='ocrx_word' id='word_1_31' title='bbox 68 974 277 1052; x_wconf 89' lang='lat' dir='ltr'><strong>nunquam,</strong></span> <span class='ocrx_word' id='word_1_32' title='bbox 304 949 372 1025; x_wconf 88' lang='lat' dir='ltr'><strong>nisi</strong></span> <span class='ocrx_word' id='word_1_33' title='bbox 390 948 475 1041; x_wconf 78' lang='lat' dir='ltr'><strong>cnm</strong></span> <span class='ocrx_word' id='word_1_34' title='bbox 501 948 575 1022; x_wconf 83' lang='lat' dir='ltr'><strong>vita</strong></span> <span class='ocrx_word' id='word_1_35' title='bbox 593 948 698 1023; x_wconf 88' lang='lat' dir='ltr'><strong>simul</strong></span> <span class='ocrx_word' id='word_1_36' title='bbox 724 950 908 1024; x_wconf 84' lang='lat' dir='ltr'><strong>amisisset</strong></span> <span class='ocrx_word' id='word_1_37' title='bbox 927 982 981 1010; x_wconf 67' lang='lat'><strong>⁶-</strong></span> <span class='ocrx_word' id='word_1_38' title='bbox 999 952 1154 1050; x_wconf 84' lang='lat' dir='ltr'><strong>Solebu·</strong></span> <span class='ocrx_word' id='word_1_39' title='bbox 1168 954 1170 958; x_wconf 80' lang='grc'><strong>’</strong></span> 
     </span>
     <span class='ocr_line' id='line_1_7' title="bbox 68 1048 1154 1155; baseline 0.005 -25"><span class='ocrx_word' id='word_1_40' title='bbox 68 1080 153 1130; x_wconf 89' lang='lat' dir='ltr'><strong>mus</strong></span> <span class='ocrx_word' id='word_1_41' title='bbox 177 1053 300 1155; x_wconf 79' lang='lat' dir='ltr'><strong>dicere</strong></span> <span class='ocrx_word' id='word_1_42' title='bbox 320 1048 487 1131; x_wconf 77' lang='lat' dir='ltr'><strong>dolenter</strong></span> <span class='ocrx_word' id='word_1_43' title='bbox 516 1052 563 1128; x_wconf 93' lang='lat' dir='ltr'><strong>de</strong></span> <span class='ocrx_word' id='word_1_44' title='bbox 583 1053 793 1130; x_wconf 79' lang='lat' dir='ltr'><strong>infortuniis</strong></span> <span class='ocrx_word' id='word_1_45' title='bbox 814 1054 861 1128; x_wconf 89' lang='lat' dir='ltr'><strong>ab</strong></span> <span class='ocrx_word' id='word_1_46' title='bbox 880 1056 1011 1133; x_wconf 81' lang='lat' dir='ltr'><strong>invidis</strong></span> <span class='ocrx_word' id='word_1_47' title='bbox 1038 1074 1075 1135; x_wconf 85' lang='lat' dir='ltr'><strong>et</strong></span> <span class='ocrx_word' id='word_1_48' title='bbox 1095 1074 1154 1134; x_wconf 78' lang='lat' dir='ltr'><strong>ae·¹</strong></span> 
     </span>
     <span class='ocr_line' id='line_1_8' title="bbox 67 1158 1155 1255; baseline 0.005 -20"><span class='ocrx_word' id='word_1_49' title='bbox 67 1161 199 1255; x_wconf 88' lang='lat' dir='ltr'><strong>mulis,</strong></span> <span class='ocrx_word' id='word_1_50' title='bbox 225 1184 272 1236; x_wconf 85' lang='lat' dir='ltr'><strong>ne</strong></span> <span class='ocrx_word' id='word_1_51' title='bbox 289 1159 406 1237; x_wconf 82' lang='lat' dir='ltr'><strong>dicam</strong></span> <span class='ocrx_word' id='word_1_52' title='bbox 426 1158 473 1235; x_wconf 81' lang='lat' dir='ltr'><strong>ad</strong></span> <span class='ocrx_word' id='word_1_53' title='bbox 494 1158 706 1249; x_wconf 66' lang='lat' dir='ltr'><strong>delendum,</strong></span> <span class='ocrx_word' id='word_1_54' title='bbox 726 1161 981 1237; x_wconf 87' lang='lat' dir='ltr'><strong>maculandum</strong></span> <span class='ocrx_word' id='word_1_55' title='bbox 999 1180 1040 1239; x_wconf 88' lang='lat' dir='ltr'><strong>et</strong></span> <span class='ocrx_word' id='word_1_56' title='bbox 1057 1165 1155 1240; x_wconf 79' lang='lat' dir='ltr'><strong>offu-</strong></span> 
     </span>
     <span class='ocr_line' id='line_1_9' title="bbox 67 1215 1153 1369; baseline 0.002 -27"><span class='ocrx_word' id='word_1_57' title='bbox 67 1215 245 1342; x_wconf 80' lang='lat' dir='ltr'><strong>scandiam</strong></span> <span class='ocrx_word' id='word_1_58' title='bbox 271 1267 436 1347; x_wconf 87' lang='lat' dir='ltr'><strong>inclitam</strong></span> <span class='ocrx_word' id='word_1_59' title='bbox 462 1264 612 1341; x_wconf 89' lang='lat' dir='ltr'><strong>domum</strong></span> <span class='ocrx_word' id='word_1_60' title='bbox 633 1266 729 1342; x_wconf 89' lang='lat' dir='ltr'><strong>illius</strong></span> <span class='ocrx_word' id='word_1_61' title='bbox 749 1265 838 1344; x_wconf 91' lang='lat' dir='ltr'><strong>dicti</strong></span> <span class='ocrx_word' id='word_1_62' title='bbox 855 1269 977 1344; x_wconf 85' lang='lat' dir='ltr'><strong>militis</strong></span> <span class='ocrx_word' id='word_1_63' title='bbox 995 1269 1153 1369; x_wconf 85' lang='lat' dir='ltr'><strong>Christi,</strong></span> 
     </span>
     <span class='ocr_line' id='line_1_10' title="bbox 11 1366 1154 1499; baseline 0.004 -54"><span class='ocrx_word' id='word_1_64' title='bbox 11 1466 15 1471; x_wconf 17' lang='grc' dir='ltr'><strong><em>ι</em></strong></span> <span class='ocrx_word' id='word_1_65' title='bbox 67 1372 146 1446; x_wconf 86' lang='lat' dir='ltr'><strong>eius</strong></span> <span class='ocrx_word' id='word_1_66' title='bbox 173 1370 289 1449; x_wconf 89' lang='lat' dir='ltr'><strong>lilium</strong></span> <span class='ocrx_word' id='word_1_67' title='bbox 312 1373 443 1450; x_wconf 85' lang='lat' dir='ltr'><strong>ultimo</strong></span> <span class='ocrx_word' id='word_1_68' title='bbox 470 1370 652 1499; x_wconf 75' lang='lat' dir='ltr'><strong>supplicio</strong></span> <span class='ocrx_word' id='word_1_69' title='bbox 678 1372 916 1471; x_wconf 84' lang='lat' dir='ltr'><strong>damnando,</strong></span> <span class='ocrx_word' id='word_1_70' title='bbox 955 1366 1067 1451; x_wconf 80' lang='lat' dir='ltr'><strong>alium</strong></span> <span class='ocrx_word' id='word_1_71' title='bbox 1094 1402 1154 1452; x_wconf 89' lang='lat' dir='ltr'><strong>ca·</strong></span> 
     </span>
     <span class='ocr_line' id='line_1_11' title="bbox 66 1431 1174 1611; baseline 0.008 -61"><span class='ocrx_word' id='word_1_72' title='bbox 66 1474 225 1582; x_wconf 81' lang='lat' dir='ltr'><strong>pianda,</strong></span> <span class='ocrx_word' id='word_1_73' title='bbox 259 1496 414 1563; x_wconf 84' lang='lat' dir='ltr'><strong>matrem</strong></span> <span class='ocrx_word' id='word_1_74' title='bbox 439 1494 477 1554; x_wconf 88' lang='lat' dir='ltr'><strong>et</strong></span> <span class='ocrx_word' id='word_1_75' title='bbox 502 1482 713 1585; x_wconf 79' lang='lat' dir='ltr'><strong>progeniem</strong></span> <span class='ocrx_word' id='word_1_76' title='bbox 719 1431 916 1589; x_wconf 52' lang='lat' dir='ltr'><strong>gravibus,</strong></span> <span class='ocrx_word' id='word_1_77' title='bbox 925 1484 1174 1611; x_wconf 76' lang='lat' dir='ltr'><strong>persecutip·=</strong></span> 
     </span>
     <span class='ocr_line' id='line_1_12' title="bbox 66 1582 1152 1707; baseline 0.007 -49"><span class='ocrx_word' id='word_1_78' title='bbox 66 1583 451 1707; x_wconf 80' lang='lat' dir='ltr'><strong>nibus-prostratis,</strong></span> <span class='ocrx_word' id='word_1_79' title='bbox 469 1602 512 1660; x_wconf 90' lang='lat' dir='ltr'><strong>et</strong></span> <span class='ocrx_word' id='word_1_80' title='bbox 522 1588 656 1662; x_wconf 83' lang='lat' dir='ltr'><strong>evulsis</strong></span> <span class='ocrx_word' id='word_1_81' title='bbox 676 1582 848 1692; x_wconf 77' lang='lat' dir='ltr'><strong>vepribus</strong></span> <span class='ocrx_word' id='word_1_82' title='bbox 869 1586 1125 1665; x_wconf 84' lang='lat' dir='ltr'><strong>exaltaret</strong></span> <span class='ocrx_word' id='word_1_83' title='bbox 1060 1606 1152 1665; x_wconf 85' lang='lat' dir='ltr'><strong>etm</strong></span> 
     </span>
     <span class='ocr_line' id='line_1_13' title="bbox 67 1692 1218 1798; baseline 0.006 -33"><span class='ocrx_word' id='word_1_84' title='bbox 67 1693 193 1792; x_wconf 88' lang='lat' dir='ltr'><strong>quiete</strong></span> <span class='ocrx_word' id='word_1_85' title='bbox 216 1709 396 1798; x_wconf 87' lang='lat' dir='ltr'><strong>poneret,</strong></span> <span class='ocrx_word' id='word_1_86' title='bbox 433 1718 518 1769; x_wconf 90' lang='lat' dir='ltr'><strong>cum</strong></span> <span class='ocrx_word' id='word_1_87' title='bbox 517 1692 636 1787; x_wconf 86' lang='lat' dir='ltr'><strong>Deus</strong></span> <span class='ocrx_word' id='word_1_88' title='bbox 663 1696 889 1768; x_wconf 70' lang='lat' dir='ltr'><strong>misericors</strong></span> <span class='ocrx_word' id='word_1_89' title='bbox 878 1722 966 1797; x_wconf 78' lang='lat' dir='ltr'><strong>pto</strong></span> <span class='ocrx_word' id='word_1_90' title='bbox 992 1697 1065 1770; x_wconf 89' lang='lat' dir='ltr'><strong>suis</strong></span> <span class='ocrx_word' id='word_1_91' title='bbox 1084 1696 1151 1793; x_wconf 89' lang='lat' dir='ltr'><strong>sit,</strong></span> <span class='ocrx_word' id='word_1_92' title='bbox 1165 1706 1168 1719; x_wconf 86' lang='grc'><strong>“</strong></span> <span class='ocrx_word' id='word_1_93' title='bbox 1215 1714 1218 1721; x_wconf 86' lang='grc'>’</span> 
     </span>
     <span class='ocr_line' id='line_1_14' title="bbox 67 1797 1192 1904; baseline 0.005 -32"><span class='ocrx_word' id='word_1_94' title='bbox 67 1797 203 1874; x_wconf 79' lang='lat' dir='ltr'><strong>faciens</strong></span> <span class='ocrx_word' id='word_1_95' title='bbox 231 1798 414 1873; x_wconf 86' lang='lat' dir='ltr'><strong>mirabilia</strong></span> <span class='ocrx_word' id='word_1_96' title='bbox 440 1800 537 1875; x_wconf 85' lang='lat' dir='ltr'><strong>solus</strong></span> <span class='ocrx_word' id='word_1_97' title='bbox 567 1816 602 1874; x_wconf 88' lang='lat' dir='ltr'><strong>et</strong></span> <span class='ocrx_word' id='word_1_98' title='bbox 623 1797 694 1874; x_wconf 90' lang='lat' dir='ltr'><strong>hoc</strong></span> <span class='ocrx_word' id='word_1_99' title='bbox 723 1799 874 1903; x_wconf 84' lang='lat' dir='ltr'><strong>publice</strong></span> <span class='ocrx_word' id='word_1_100' title='bbox 902 1817 939 1874; x_wconf 90' lang='lat' dir='ltr'><strong>et</strong></span> <span class='ocrx_word' id='word_1_101' title='bbox 960 1802 1152 1904; x_wconf 84' lang='lat' dir='ltr'><strong>privatim,</strong></span> <span class='ocrx_word' id='word_1_102' title='bbox 1190 1797 1192 1801; x_wconf 66' lang='grc'><strong>’</strong></span> 
     </span>
     <span class='ocr_line' id='line_1_15' title="bbox 68 1901 1154 2009; baseline 0.002 -31"><span class='ocrx_word' id='word_1_103' title='bbox 68 1931 92 2003; x_wconf 81' lang='lat' dir='ltr'><strong>a</strong></span> <span class='ocrx_word' id='word_1_104' title='bbox 112 1901 177 1980; x_wconf 85' lang='lat' dir='ltr'><strong>diu</strong></span> <span class='ocrx_word' id='word_1_105' title='bbox 195 1904 458 2009; x_wconf 80' lang='lat' dir='ltr'><strong>praediximus,</strong></span> <span class='ocrx_word' id='word_1_106' title='bbox 488 1920 537 1979; x_wconf 89' lang='grc' dir='ltr'><strong>ιιι</strong></span> <span class='ocrx_word' id='word_1_107' title='bbox 554 1901 628 1979; x_wconf 87' lang='lat' dir='ltr'><strong>bic</strong></span> <span class='ocrx_word' id='word_1_108' title='bbox 634 1920 686 1979; x_wconf 88' lang='lat' dir='ltr'><strong>ct</strong></span> <span class='ocrx_word' id='word_1_109' title='bbox 692 1905 779 1979; x_wconf 89' lang='lat' dir='ltr'><strong>alibi</strong></span> <span class='ocrx_word' id='word_1_110' title='bbox 800 1923 942 1981; x_wconf 88' lang='lat' dir='ltr'><strong>notum</strong></span> <span class='ocrx_word' id='word_1_111' title='bbox 951 1921 1017 1982; x_wconf 88' lang='lat' dir='ltr'><strong>est.</strong></span> <span class='ocrx_word' id='word_1_112' title='bbox 1052 1905 1154 1997; x_wconf 89' lang='lat' dir='ltr'><strong>Quid</strong></span> 
     </span>
     <span class='ocr_line' id='line_1_16' title="bbox 68 2008 1176 2116; baseline -0.001 -29"><span class='ocrx_word' id='word_1_113' title='bbox 68 2010 180 2113; x_wconf 81' lang='lat' dir='ltr'><strong>enim</strong></span> <span class='ocrx_word' id='word_1_114' title='bbox 179 2011 418 2106; x_wconf 86' lang='lat' dir='ltr'><strong>mirabilius,</strong></span> <span class='ocrx_word' id='word_1_115' title='bbox 452 2039 562 2114; x_wconf 84' lang='lat' dir='ltr'><strong>quam</strong></span> <span class='ocrx_word' id='word_1_116' title='bbox 589 2013 665 2086; x_wconf 89' lang='lat' dir='ltr'><strong>eius</strong></span> <span class='ocrx_word' id='word_1_117' title='bbox 693 2008 807 2087; x_wconf 87' lang='lat' dir='ltr'><strong>filium</strong></span> <span class='ocrx_word' id='word_1_118' title='bbox 835 2011 883 2089; x_wconf 90' lang='lat' dir='ltr'><strong>ab</strong></span> <span class='ocrx_word' id='word_1_119' title='bbox 912 2014 1094 2116; x_wconf 81' lang='lat' dir='ltr'><strong>Hunguris</strong></span> <span class='ocrx_word' id='word_1_120' title='bbox 1114 2013 1176 2099; x_wconf 58' lang='lat' dir='ltr'><strong>ing</strong></span> 
     </span>
     <span class='ocr_line' id='line_1_17' title="bbox 67 2107 1184 2223; baseline 0.002 -33"><span class='ocrx_word' id='word_1_121' title='bbox 67 2141 193 2218; x_wconf 84' lang='lat' dir='ltr'><strong>regem</strong></span> <span class='ocrx_word' id='word_1_122' title='bbox 221 2119 440 2192; x_wconf 88' lang='lat' dir='ltr'><strong>unanimiter</strong></span> <span class='ocrx_word' id='word_1_123' title='bbox 471 2144 565 2193; x_wconf 87' lang='lat' dir='ltr'><strong>esse</strong></span> <span class='ocrx_word' id='word_1_124' title='bbox 580 2107 761 2193; x_wconf 75' lang='lat' dir='ltr'><strong>electum?</strong></span> <span class='ocrx_word' id='word_1_125' title='bbox 792 2135 861 2201; x_wconf 85' lang='lat' dir='ltr'><strong>etc.</strong></span> <span class='ocrx_word' id='word_1_126' title='bbox 891 2119 1029 2195; x_wconf 88' lang='lat' dir='ltr'><strong>Datum</strong></span> <span class='ocrx_word' id='word_1_127' title='bbox 1049 2119 1152 2196; x_wconf 89' lang='lat' dir='ltr'><strong>XIV.</strong></span> <span class='ocrx_word' id='word_1_128' title='bbox 1183 2220 1184 2223; x_wconf 8' lang='grc' dir='ltr'><strong>Ἴ</strong></span> 
     </span>
     <span class='ocr_line' id='line_1_18' title="bbox 66 2221 1113 2304; baseline 0.002 -7"><span class='ocrx_word' id='word_1_129' title='bbox 66 2221 193 2297; x_wconf 84' lang='lat' dir='ltr'><strong>Martii</strong></span> <span class='ocrx_word' id='word_1_130' title='bbox 214 2222 462 2300; x_wconf 86' lang='lat' dir='ltr'>MCDLVIII.</span> <span class='ocrx_word' id='word_1_131' title='bbox 481 2222 714 2304; x_wconf 82' lang='lat' dir='ltr'><strong>Pontificatus</strong></span> <span class='ocrx_word' id='word_1_132' title='bbox 737 2227 855 2300; x_wconf 85' lang='lat' dir='ltr'><strong>nostri</strong></span> <span class='ocrx_word' id='word_1_133' title='bbox 874 2251 969 2299; x_wconf 89' lang='lat' dir='ltr'><strong>anno</strong></span> <span class='ocrx_word' id='word_1_134' title='bbox 993 2227 1113 2300; x_wconf 75' lang='lat' dir='ltr'><strong>tertio·</strong></span> 
     </span>
    </p>
   </div>
   <div class='ocr_carea' id='block_1_3' title="bbox 110 2340 1150 2539">
    <p class='ocr_par' dir='ltr' id='par_1_3' title="bbox 110 2340 1150 2539">
     <span class='ocr_line' id='line_1_19' title="bbox 110 2340 1150 2461; baseline 0.005 -28"><span class='ocrx_word' id='word_1_135' title='bbox 110 2372 145 2435; x_wconf 85' lang='lat' dir='ltr'><strong>ln</strong></span> <span class='ocrx_word' id='word_1_136' title='bbox 164 2371 276 2437; x_wconf 77' lang='lat' dir='ltr'><strong>Arnai.</strong></span> <span class='ocrx_word' id='word_1_137' title='bbox 302 2340 416 2437; x_wconf 71' lang='lat' dir='ltr'><strong>docies·</strong></span> <span class='ocrx_word' id='word_1_138' title='bbox 442 2370 565 2437; x_wconf 85' lang='lat' dir='ltr'><strong>Oderici</strong></span> <span class='ocrx_word' id='word_1_139' title='bbox 583 2373 730 2459; x_wconf 80' lang='lat' dir='ltr'><strong>Raynaldi</strong></span> <span class='ocrx_word' id='word_1_140' title='bbox 754 2370 1150 2461; x_wconf 75' lang='lat' dir='ltr'><strong>TomoXVfl1.pag.509,</strong></span> 
     </span>
     <span class='ocr_line' id='line_1_20' title="bbox 164 2472 366 2539; baseline -0.005 -2"><span class='ocrx_word' id='word_1_141' title='bbox 164 2472 241 2537; x_wconf 82' lang='lat' dir='ltr'><strong>ttdit</strong></span> <span class='ocrx_word' id='word_1_142' title='bbox 260 2475 366 2539; x_wconf 83' lang='lat' dir='ltr'><strong>Calon·</strong></span> 
     </span>
    </p>
   </div>
   <div class='ocr_carea' id='block_1_4' title="bbox 56 2658 1210 3899">
    <p class='ocr_par' dir='ltr' id='par_1_4' title="bbox 63 2658 705 2871">
     <span class='ocr_line' id='line_1_21' title="bbox 194 2658 705 2739; baseline 0.002 -4"><span class='ocrx_word' id='word_1_143' title='bbox 194 2731 198 2735; x_wconf 84' lang='lat'>.</span> <span class='ocrx_word' id='word_1_144' title='bbox 512 2658 705 2739; x_wconf 87' lang='lat' dir='ltr'>LXXXV.</span> 
     </span>
     <span class='ocr_line' id='line_1_22' title="bbox 63 2797 610 2871; baseline -0.013 0"><span class='ocrx_word' id='word_1_145' title='bbox 63 2797 184 2871; x_wconf 61' lang='lat' dir='ltr'><strong>Eidem</strong></span> <span class='ocrx_word' id='word_1_146' title='bbox 197 2809 234 2868; x_wconf 78' lang='grc' dir='ltr'><strong>ιιι</strong></span> <span class='ocrx_word' id='word_1_147' title='bbox 251 2808 374 2867; x_wconf 75' lang='lat' dir='ltr'><strong>mrito.</strong></span> <span class='ocrx_word' id='word_1_148' title='bbox 405 2803 497 2867; x_wconf 80' lang='lat' dir='ltr'><strong>Anno</strong></span> <span class='ocrx_word' id='word_1_149' title='bbox 515 2803 610 2868; x_wconf 79' lang='lat'><strong>1458.</strong></span> 
     </span>
    </p>

    <p class='ocr_par' dir='ltr' id='par_1_5' title="bbox 56 2941 1210 3899">
     <span class='ocr_line' id='line_1_23' title="bbox 167 2941 1149 3040; baseline 0.001 -17.009"><span class='ocrx_word' id='word_1_150' title='bbox 167 2947 341 3027; x_wconf 73' lang='lat' dir='ltr'><strong>calixtus</strong></span> <span class='ocrx_word' id='word_1_151' title='bbox 367 2962 436 3024; x_wconf 85' lang='lat' dir='ltr'><strong>etc.</strong></span> <span class='ocrx_word' id='word_1_152' title='bbox 472 2941 660 3020; x_wconf 76' lang='lat' dir='ltr'><strong>Elisabeth</strong></span> <span class='ocrx_word' id='word_1_153' title='bbox 676 2944 828 3040; x_wconf 80' lang='lat' dir='ltr'><strong>viduae,</strong></span> <span class='ocrx_word' id='word_1_154' title='bbox 854 2942 1012 3020; x_wconf 88' lang='lat' dir='ltr'><strong>Mathiae</strong></span> <span class='ocrx_word' id='word_1_155' title='bbox 1028 2949 1149 3024; x_wconf 86' lang='lat' dir='ltr'><strong>matri.</strong></span> 
     </span>
     <span class='ocr_line' id='line_1_24' title="bbox 62 3048 1151 3174; baseline 0.001 -46"><span class='ocrx_word' id='word_1_156' title='bbox 62 3090 118 3110; x_wconf 91' lang='lat'><strong>·-</strong></span> <span class='ocrx_word' id='word_1_157' title='bbox 145 3054 392 3151; x_wconf 82' lang='lat' dir='ltr'><strong>Certissimam</strong></span> <span class='ocrx_word' id='word_1_158' title='bbox 420 3078 522 3154; x_wconf 88' lang='lat' dir='ltr'><strong>spem</strong></span> <span class='ocrx_word' id='word_1_159' title='bbox 547 3076 693 3155; x_wconf 85' lang='lat' dir='ltr'><strong>semper</strong></span> <span class='ocrx_word' id='word_1_160' title='bbox 719 3048 929 3172; x_wconf 80' lang='lat' dir='ltr'><strong>habuimus,</strong></span> <span class='ocrx_word' id='word_1_161' title='bbox 937 3053 1151 3174; x_wconf 84' lang='lat' dir='ltr'><strong>praediea·</strong></span> 
     </span>
     <span class='ocr_line' id='line_1_25' title="bbox 63 3156 1149 3282; baseline -0.001 -47"><span class='ocrx_word' id='word_1_162' title='bbox 63 3160 259 3282; x_wconf 80' lang='lat' dir='ltr'><strong>rimasque</strong></span> <span class='ocrx_word' id='word_1_163' title='bbox 278 3160 416 3262; x_wconf 87' lang='lat' dir='ltr'><strong>palam,</strong></span> <span class='ocrx_word' id='word_1_164' title='bbox 443 3156 545 3262; x_wconf 87' lang='lat' dir='ltr'><strong>quod</strong></span> <span class='ocrx_word' id='word_1_165' title='bbox 563 3159 662 3232; x_wconf 87' lang='lat' dir='ltr'><strong>Deus</strong></span> <span class='ocrx_word' id='word_1_166' title='bbox 683 3158 913 3260; x_wconf 88' lang='lat' dir='ltr'><strong>omnipotens</strong></span> <span class='ocrx_word' id='word_1_167' title='bbox 934 3156 973 3248; x_wconf 87' lang='lat' dir='ltr'><strong>in</strong></span> <span class='ocrx_word' id='word_1_168' title='bbox 991 3159 1067 3234; x_wconf 87' lang='lat' dir='ltr'><strong>suis</strong></span> <span class='ocrx_word' id='word_1_169' title='bbox 1091 3161 1149 3233; x_wconf 88' lang='lat' dir='ltr'><strong>in·</strong></span> 
     </span>
     <span class='ocr_line' id='line_1_26' title="bbox 61 3244 1210 3369; baseline 0 -29"><span class='ocrx_word' id='word_1_170' title='bbox 61 3262 138 3340; x_wconf 81' lang='lat' dir='ltr'><strong>dex</strong></span> <span class='ocrx_word' id='word_1_171' title='bbox 155 3280 192 3339; x_wconf 87' lang='lat' dir='ltr'><strong>et</strong></span> <span class='ocrx_word' id='word_1_172' title='bbox 211 3269 416 3358; x_wconf 84' lang='lat' dir='ltr'><strong>miserator,</strong></span> <span class='ocrx_word' id='word_1_173' title='bbox 436 3291 513 3339; x_wconf 92' lang='lat' dir='ltr'><strong>non</strong></span> <span class='ocrx_word' id='word_1_174' title='bbox 532 3281 719 3369; x_wconf 87' lang='lat' dir='ltr'><strong>pateretur</strong></span> <span class='ocrx_word' id='word_1_175' title='bbox 741 3263 895 3338; x_wconf 90' lang='lat' dir='ltr'><strong>domum</strong></span> <span class='ocrx_word' id='word_1_176' title='bbox 915 3244 1069 3367; x_wconf 84' lang='lat' dir='ltr'><strong>praefati</strong></span> <span class='ocrx_word' id='word_1_177' title='bbox 1084 3267 1148 3340; x_wconf 85' lang='lat' dir='ltr'><strong>Jo·</strong></span> <span class='ocrx_word' id='word_1_178' title='bbox 1207 3324 1210 3331; x_wconf 83' lang='lat'><em>.</em></span> 
     </span>
     <span class='ocr_line' id='line_1_27' title="bbox 61 3367 1147 3475; baseline 0 -29"><span class='ocrx_word' id='word_1_179' title='bbox 61 3367 229 3447; x_wconf 82' lang='lat' dir='ltr'><strong>bannis</strong></span> <span class='ocrx_word' id='word_1_180' title='bbox 218 3400 258 3446; x_wconf 90' lang='lat' dir='ltr'><strong>m</strong></span> <span class='ocrx_word' id='word_1_181' title='bbox 287 3373 395 3446; x_wconf 89' lang='lat' dir='ltr'><strong>tantis</strong></span> <span class='ocrx_word' id='word_1_182' title='bbox 423 3369 620 3446; x_wconf 87' lang='lat' dir='ltr'><strong>tenebris</strong></span> <span class='ocrx_word' id='word_1_183' title='bbox 610 3396 752 3464; x_wconf 80' lang='lat' dir='ltr'><strong>meere,</strong></span> <span class='ocrx_word' id='word_1_184' title='bbox 787 3368 851 3445; x_wconf 88' lang='lat' dir='ltr'><strong>sed</strong></span> <span class='ocrx_word' id='word_1_185' title='bbox 873 3395 953 3443; x_wconf 90' lang='lat' dir='ltr'><strong>eam</strong></span> <span class='ocrx_word' id='word_1_186' title='bbox 971 3372 1147 3475; x_wconf 81' lang='lat' dir='ltr'><strong>erigeret,</strong></span> 
     </span>
     <span class='ocr_line' id='line_1_28' title="bbox 60 3474 1156 3582; baseline 0 -30"><span class='ocrx_word' id='word_1_187' title='bbox 60 3493 101 3552; x_wconf 86' lang='lat' dir='ltr'><strong>et</strong></span> <span class='ocrx_word' id='word_1_188' title='bbox 119 3495 317 3582; x_wconf 88' lang='lat' dir='ltr'><strong>propter</strong></span> <span class='ocrx_word' id='word_1_189' title='bbox 343 3479 515 3555; x_wconf 89' lang='lat' dir='ltr'><strong>merita</strong></span> <span class='ocrx_word' id='word_1_190' title='bbox 541 3477 693 3570; x_wconf 89' lang='lat' dir='ltr'><strong>illins,</strong></span> <span class='ocrx_word' id='word_1_191' title='bbox 715 3502 809 3581; x_wconf 87' lang='lat' dir='ltr'><strong>quae</strong></span> <span class='ocrx_word' id='word_1_192' title='bbox 830 3474 916 3549; x_wconf 89' lang='lat' dir='ltr'><strong>orbi</strong></span> <span class='ocrx_word' id='word_1_193' title='bbox 936 3492 1025 3549; x_wconf 86' lang='lat' dir='ltr'><strong>nota·</strong></span> <span class='ocrx_word' id='word_1_194' title='bbox 1041 3491 1156 3573; x_wconf 78' lang='lat' dir='ltr'><strong>sunt,-</strong></span> 
     </span>
     <span class='ocr_line' id='line_1_29' title="bbox 60 3580 1152 3686; baseline 0 -30"><span class='ocrx_word' id='word_1_195' title='bbox 60 3581 108 3656; x_wconf 90' lang='lat' dir='ltr'><strong>ad</strong></span> <span class='ocrx_word' id='word_1_196' title='bbox 128 3584 269 3679; x_wconf 87' lang='lat' dir='ltr'><strong>lucem,</strong></span> <span class='ocrx_word' id='word_1_197' title='bbox 300 3587 572 3686; x_wconf 81' lang='lat' dir='ltr'><strong>claritatemque</strong></span> <span class='ocrx_word' id='word_1_198' title='bbox 599 3581 805 3658; x_wconf 87' lang='lat' dir='ltr'><strong>reduceret.</strong></span> <span class='ocrx_word' id='word_1_199' title='bbox 841 3583 934 3656; x_wconf 85' lang='lat' dir='ltr'><strong>Rata</strong></span> <span class='ocrx_word' id='word_1_200' title='bbox 953 3580 1036 3656; x_wconf 82' lang='lat' dir='ltr'><strong>fuit</strong></span> <span class='ocrx_word' id='word_1_201' title='bbox 1045 3608 1152 3685; x_wconf 84' lang='lat' dir='ltr'><strong>prae·</strong></span> 
     </span>
     <span class='ocr_line' id='line_1_30' title="bbox 60 3686 1151 3790; baseline 0 -26"><span class='ocrx_word' id='word_1_202' title='bbox 60 3686 194 3765; x_wconf 85' lang='lat' dir='ltr'><strong>dicatio</strong></span> <span class='ocrx_word' id='word_1_203' title='bbox 215 3708 339 3767; x_wconf 87' lang='lat' dir='ltr'><strong>nostra</strong></span> <span class='ocrx_word' id='word_1_204' title='bbox 361 3708 398 3765; x_wconf 84' lang='lat' dir='ltr'><strong>et</strong></span> <span class='ocrx_word' id='word_1_205' title='bbox 415 3688 569 3764; x_wconf 81' lang='lat' dir='ltr'><strong>vidimus</strong></span> <span class='ocrx_word' id='word_1_206' title='bbox 586 3690 816 3790; x_wconf 84' lang='lat' dir='ltr'><strong>repentinam</strong></span> <span class='ocrx_word' id='word_1_207' title='bbox 832 3689 1074 3762; x_wconf 84' lang='lat' dir='ltr'><strong>mutationem</strong></span> <span class='ocrx_word' id='word_1_208' title='bbox 1094 3687 1151 3764; x_wconf 90' lang='lat' dir='ltr'><strong>di·</strong></span> 
     </span>
     <span class='ocr_line' id='line_1_31' title="bbox 56 3793 1151 3899; baseline -0.001 -29"><span class='ocrx_word' id='word_1_209' title='bbox 56 3795 155 3873; x_wconf 78' lang='lat' dir='ltr'><strong>vino</strong></span> <span class='ocrx_word' id='word_1_210' title='bbox 163 3800 341 3898; x_wconf 85' lang='lat' dir='ltr'><strong>mysterio</strong></span> <span class='ocrx_word' id='word_1_211' title='bbox 357 3795 508 3888; x_wconf 87' lang='lat' dir='ltr'><strong>factam,</strong></span> <span class='ocrx_word' id='word_1_212' title='bbox 538 3821 621 3871; x_wconf 90' lang='lat' dir='ltr'><strong>cum</strong></span> <span class='ocrx_word' id='word_1_213' title='bbox 639 3820 734 3885; x_wconf 84' lang='lat' dir='ltr'><strong>nno,</strong></span> <span class='ocrx_word' id='word_1_214' title='bbox 759 3793 963 3897; x_wconf 88' lang='lat' dir='ltr'><strong>eodemque</strong></span> <span class='ocrx_word' id='word_1_215' title='bbox 979 3809 1151 3899; x_wconf 88' lang='lat' dir='ltr'><strong>tempore</strong></span> 
     </span>
    </p>
   </div>
   <div class='ocr_carea' id='block_1_5' title="bbox 21 3898 1247 4118">
    <p class='ocr_par' dir='ltr' id='par_1_6' title="bbox 21 3898 1247 4135">
     <span class='ocr_line' id='line_1_32' title="bbox 21 3898 1148 4004; baseline 0 -28"><span class='ocrx_word' id='word_1_216' title='bbox 21 3898 173 3979; x_wconf 86' lang='lat' dir='ltr'><strong>filium</strong></span> <span class='ocrx_word' id='word_1_217' title='bbox 189 3916 309 3997; x_wconf 90' lang='lat' dir='ltr'><strong>tuum,</strong></span> <span class='ocrx_word' id='word_1_218' title='bbox 327 3903 502 3976; x_wconf 89' lang='lat' dir='ltr'><strong>illustrem</strong></span> <span class='ocrx_word' id='word_1_219' title='bbox 517 3898 722 3975; x_wconf 85' lang='lat' dir='ltr'><strong>Mathiam</strong></span> <span class='ocrx_word' id='word_1_220' title='bbox 711 3929 749 3974; x_wconf 89' lang='grc' dir='ltr'><strong>ιιι</strong></span> <span class='ocrx_word' id='word_1_221' title='bbox 766 3925 911 4004; x_wconf 81' lang='lat' dir='ltr'><strong>regem,</strong></span> <span class='ocrx_word' id='word_1_222' title='bbox 929 3899 1148 3976; x_wconf 86' lang='lat' dir='ltr'><strong>Michaelem</strong></span> 
     </span>
     <span class='ocr_line' id='line_1_33' title="bbox 46 4005 1247 4118; baseline 0.001 -34.006"><span class='ocrx_word' id='word_1_223' title='bbox 46 4007 242 4087; x_wconf 77' lang='lat' dir='ltr'><strong>fratrem</strong></span> <span class='ocrx_word' id='word_1_224' title='bbox 233 4039 270 4084; x_wconf 86' lang='grc' dir='ltr'><strong>ιιι</strong></span> <span class='ocrx_word' id='word_1_225' title='bbox 291 4009 591 4085; x_wconf 84' lang='lat' dir='ltr'><strong>Gubernatorem</strong></span> <span class='ocrx_word' id='word_1_226' title='bbox 605 4007 707 4109; x_wconf 84' lang='lat' dir='ltr'><strong>regni</strong></span> <span class='ocrx_word' id='word_1_227' title='bbox 733 4007 845 4109; x_wconf 90' lang='lat' dir='ltr'><strong>ipsius</strong></span> <span class='ocrx_word' id='word_1_228' title='bbox 865 4007 1001 4082; x_wconf 87' lang='lat' dir='ltr'><strong>electos</strong></span> <span class='ocrx_word' id='word_1_229' title='bbox 1018 4005 1144 4101; x_wconf 76' lang='lat' dir='ltr'><strong>luisse,</strong></span> <span class='ocrx_word' id='word_1_230' title='bbox 1242 4106 1247 4118; x_wconf 23' lang='grc' dir='ltr'><strong><em>τ</em></strong></span> 
     </span>
    </p>
   </div>
   <div class='ocr_carea' id='block_1_6' title="bbox 0 0 1358 4568">
    <p class='ocr_par' dir='ltr' id='par_1_7' title="bbox 0 0 1358 4568">
     <span class='ocr_line' id='line_1_34' title="bbox 0 0 1358 4568; baseline 0 3"><span class='ocrx_word' id='word_1_231' title='bbox 0 0 1358 4568; x_wconf 95' lang='lat' dir='ltr'><strong> </strong></span> 
     </span>
    </p>
   </div>
  </div>
 </body>
</html>
