2708 4568
1152 284 1225 353 201

141 474 281 597 positos
290 546 308 585 ‚.
327 484 430 594 quod
455 488 555 567 Deus
580 501 741 587 avertat,
773 511 841 565 nos
869 488 1054 595 contingat
1078 493 1228 595 pericli·

142 596 235 691 tori,
268 609 307 672 et
325 597 439 673 totius
459 592 563 672 buius
587 597 692 700 regni
710 592 895 691 machine,
923 621 1023 671 socna
1043 598 1226 701 religione

141 699 338 778 christiana
357 699 515 797 imbuta,
540 703 685 805 penitus
704 700 889 794 diruatur,
915 701 1224 804 quemadmodum

140 809 253 884 etiam
270 809 309 881 in
327 800 511 911 'proximis
532 805 659 883 diebus
690 806 846 885 evolutis
865 808 1061 910 exemplari
1084 811 1220 885 intuitu

140 914 279 990 civitati
302 913 725 1016 Constantinopolitanae
752 938 818 1014 per
846 910 1004 987 eundem
1028 915 1224 1019 imperoto-

138 1046 220 1097 rem
238 1021 447 1095 Turcorum
465 1020 604 1094 illatum
622 1018 727 1111 fore,
753 1020 826 1121 iam
847 1022 986 1121 experti
1009 1045 1131 1096 sumus
1150 1049 1225 1096 ma·

138 1124 288 1222 nifeste3
326 1152 370 1202 ea
393 1141 545 1228 propter
559 1123 749 1229 ¹praedicti
774 1121 899 1198 fideles
917 1126 1033 1199 nostri
1046 1127 1222 1223 Proelati,
1268 1196 1272 1210 ,

140 1232 325 1327 Berones,
343 1227 498 1306 Nobiles
513 1246 553 1307 et
566 1231 741 1307 Proceres
756 1227 847 1307 dico'
866 1231 969 1331 regni
986 1234 1103 1306 nostri
1120 1234 1224 1307 Hun-

137 1339 281 1443 garine,
314 1363 472 1413 unacum
503 1339 610 1414 certis
635 1338 763 1415 electis
797 1333 986 1437 nobilibus
1013 1335 1225 1415 hominibus

131 1443 620 1547 'singulorumcomitatuum
635 1441 797 1521 eiusdem
812 1444 1070 1546 regni-nostri,
1087 1444 1224 1549 quibus
1255 1448 1262 1476 ¹

135 1575 207 1656 per
224 1548 308 1624 alias
325 1549 450 1627 literas
467 1564 610 1627 nostros
621 1548 818 1653 superinde
834 1546 1051 1626 dederamus
1068 1551 1108 1625 iu
1122 1578 1225 1627 man·
1334 1648 1337 1654 ¹

140 1654 256 1748 datis,
271 1656 312 1730 in
327 1651 394 1732 hac
414 1655 560 1732 civitate
575 1672 699 1734 nostra
713 1653 871 1733 Budensi
885 1652 1053 1731 undecim
1070 1653 1127 1732 bis
1148 1652 1225 1733 die·

136 1759 208 1841 bus
226 1760 454 1867 congregati,
480 1786 591 1864 super
618 1786 684 1857 eo,
712 1761 871 1866 qualiter
885 1757 1093 1839 huiusmodi
1110 1763 1223 1863 ipsius

136 1868 369 1969 imperatoris
387 1868 592 1945 Turcnrum
621 1869 761 1971 invasio
780 1864 1057 1972 praestolando,
1085 1868 1224 1943 valeret
1248 1946 1250 1951 ,

135 1974 253 2055 tutius
270 1975 417 2071 eyinri3
437 1973 659 2051 uniformem
679 1971 854 2049 babentes
871 1987 1079 2067 tractatum,
1100 1970 1223 2049 etde·

135 2076 396 2157 liberationem
416 2106 486 2156 nos
513 2106 596 2156 cum
620 2076 756 2157 eisdem
780 2075 935 2155 ualidam
962 2073 1222 2154 exercimslem

134 2181 184 2265 ad
198 2184 356 2285 *nantem
371 2174 527 2291 patrium
554 2203 736 2280 nostram,
759 2184 946 2261 Altissimo
962 2184 1138 2290 propitio,
1157 2181 1220 2257 de·

133 2282 368 2371 iendendam.
384 2290 555 2387 adversus
584 2318 809 2396 paganorum
842 2288 994 2366 insultus
1020 2291 1222 2393 exercitum

133 2395 361 2493 decrevimus
376 2397 672 2491 instaurandum,
699 2395 802 2501 quod
820 2392 1069 2499 praesentibus
1089 2396 1221 2493 litteris

131 2504 268 2585 uostris
291 2500 360 2579 sub
384 2519 573 2601 certorum
596 2506 831 2581 articulorum
854 2501 1117 2578 inclusionibus
1134 2499 1220 2607 sub·

130 2606 323 2703 notandis,
339 2612 478 2701 ‘vestris
492 2606 726 2687 fidelitatibus
744 2605 1009 2709 notificandum
1025 2606 1222 2702 duximus,

131 2711 323 2792 videlicet:
356 2713 469 2809 Quod
494 2712 656 2818 primum
674 2714 907 2821 spectabilem
928 2733 966 2791 et
985 2713 1220 2820 magnificum

130 2823 359 2921 loannem
395 2818 450 2901 de
475 2824 698 2926 Hunyad‚
723 2834 942 2929 perpetuum
958 2822 1142 2911 Comitem
1158 2823 1220 2900 Bi·

131 2928 358 3009 tuiciensem
366 2927 463 3005 infra
482 2931 680 3030 praesentis
698 2929 832 3032 integri
847 2926 1233 3009 revolutionemanni,

131 3035 367 3138 Cupitaneum
401 3036 609 3139 generalem
644 3035 864 3111 instituimus
893 3030 997 3108 huius
1029 3035 1214 3109 exereitus

130 3141 245 3215 nostri
268 3138 498 3223 instaurandi
531 3138 626 3217 Item
644 3131 876 3238 (insurrectio
893 3135 1095 3213 nobilitatis
1117 3137 1213 3223 indi·
1342 3221 1347 3230 1

131 3240 253 3346 citur).
282 3246 377 3323 Item
392 3272 517 3323 omnes
533 3246 672 3323 liberae
693 3246 878 3338 civitates,
896 3261 970 3319 tam
989 3261 1136 3320 nostrae
1160 3270 1219 3318 re·

130 3351 224 3453 galee
246 3368 285 3428 et
304 3354 493 3455 reginsles,
514 3380 627 3456 quam
643 3355 891 3429 Dominorum
908 3350 1063 3453 Despoti
1086 3365 1125 3425 et
1145 3351 1220 3424 Co·

131 3458 226 3533 mitis
244 3458 359 3535 Ciliae
385 3454 448 3533 aut
475 3461 876 3564 oliorumMngnatum,
909 3483 979 3532 nee
998 3484 1072 3529 nou
1095 3473 1217 3530 totum

128 3589 286 3667 regnum
308 3564 475 3641 nostrum
499 3565 735 3661 sclavoniae,
762 3565 817 3647 ,de
837 3563 974 3666 quibus
994 3562 1136 3636 lucrum
1156 3588 1217 3637 cu·

130 3694 247 3746 merae
273 3686 419 3745 nostrae
449 3664 544 3747 solvi
566 3700 642 3747 non
667 3672 930 3761 consuevisset,
966 3665 1079 3743 modo
1106 3693 1218 3769 prae·

131 3778 239 3873 misso
275 3781 530 3853 connumerari
560 3776 736 3873 debeant,
764 3794 801 3871 et
825 3775 990 3851 similiter
1007 3771 1216 3866 Postumi,

131 3882 295 3983 Cumani,
310 3876 459 3987 Valachi
470 3901 508 3959 et
519 3881 931 3971 Tartariconnumerari
943 3876 1103 3956 debeant
1110 3905 1224 3961 exer:-

129 3989 286 4095 nituere
308 4026 360 4051 »-
393 4028 436 4045 -·
466 3989 654 4091 I’raeterea
690 4027 744 4046 —
780 3988 966 4082 Quocirca
991 4022 1046 4049 -·
1079 3986 1226 4075 Dawmt
