<?xml version="1.0" encoding="UTF-8"?>
<!DOCTYPE html PUBLIC "-//W3C//DTD XHTML 1.0 Transitional//EN"
    "http://www.w3.org/TR/xhtml1/DTD/xhtml1-transitional.dtd">
<html xmlns="http://www.w3.org/1999/xhtml" xml:lang="en" lang="en">
 <head>
  <title>
</title>
<meta http-equiv="Content-Type" content="text/html;charset=utf-8" />
  <meta name='ocr-system' content='tesseract 3.04.00' />
  <meta name='ocr-capabilities' content='ocr_page ocr_carea ocr_par ocr_line ocrx_word'/>
</head>
<body>
  <div class='ocr_page' id='page_1' title='image "./genusincunabula00fejgoog_0182.png"; bbox 0 0 2708 4568; ppageno 0'>
   <div class='ocr_carea' id='block_1_1' title="bbox 1136 342 1208 408">
    <p class='ocr_par' dir='ltr' id='par_1_1' title="bbox 1136 342 1208 408">
     <span class='ocr_line' id='line_1_1' title="bbox 1136 342 1208 408; baseline 0 0"><span class='ocrx_word' id='word_1_1' title='bbox 1136 342 1208 408; x_wconf 70' lang='lat' dir='ltr'><strong>lbl</strong></span> 
     </span>
    </p>
   </div>
   <div class='ocr_carea' id='block_1_2' title="bbox 128 538 1261 1600">
    <p class='ocr_par' dir='ltr' id='par_1_2' title="bbox 128 538 1261 1600">
     <span class='ocr_line' id='line_1_2' title="bbox 129 538 1209 649; baseline 0.005 -31"><span class='ocrx_word' id='word_1_2' title='bbox 129 541 384 647; x_wconf 81' lang='lat' dir='ltr'><strong>praediorum,</strong></span> <span class='ocrx_word' id='word_1_3' title='bbox 406 538 632 621; x_wconf 84' lang='lat' dir='ltr'><strong>tribulorum</strong></span> <span class='ocrx_word' id='word_1_4' title='bbox 654 559 691 616; x_wconf 82' lang='lat' dir='ltr'><strong>et</strong></span> <span class='ocrx_word' id='word_1_5' title='bbox 709 542 794 619; x_wconf 87' lang='lat' dir='ltr'><strong>iuris</strong></span> <span class='ocrx_word' id='word_1_6' title='bbox 808 542 1024 649; x_wconf 74' lang='lat' dir='ltr'><strong>&#39;patronatus</strong></span> <span class='ocrx_word' id='word_1_7' title='bbox 1044 549 1090 623; x_wconf 88' lang='lat' dir='ltr'><strong>ad</strong></span> <span class='ocrx_word' id='word_1_8' title='bbox 1111 547 1209 623; x_wconf 85' lang='lat' dir='ltr'><strong>idem</strong></span> 
     </span>
     <span class='ocr_line' id='line_1_3' title="bbox 129 642 1244 756; baseline 0.003 -32"><span class='ocrx_word' id='word_1_9' title='bbox 129 649 411 756; x_wconf 78' lang='lat' dir='ltr'><strong>pertinentium,</strong></span> <span class='ocrx_word' id='word_1_10' title='bbox 444 647 718 752; x_wconf 68' lang='lat' dir='ltr'><strong>privilegialiter</strong></span> <span class='ocrx_word' id='word_1_11' title='bbox 744 653 913 729; x_wconf 85' lang='lat' dir='ltr'><strong>conlecta</strong></span> <span class='ocrx_word' id='word_1_12' title='bbox 937 642 1074 730; x_wconf 71' lang='lat' dir='ltr'><strong>tenant</strong></span> <span class='ocrx_word' id='word_1_13' title='bbox 1102 651 1209 728; x_wconf 77' lang='lat' dir='ltr'><strong>infra·</strong></span> <span class='ocrx_word' id='word_1_14' title='bbox 1241 712 1244 717; x_wconf 89' lang='lat'>.</span> 
     </span>
     <span class='ocr_line' id='line_1_4' title="bbox 129 754 1210 859; baseline 0 -27"><span class='ocrx_word' id='word_1_15' title='bbox 129 757 276 859; x_wconf 83' lang='lat' dir='ltr'><strong>scripti3</strong></span> <span class='ocrx_word' id='word_1_16' title='bbox 310 754 549 858; x_wconf 72' lang='lat' dir='ltr'><strong>supplicatum</strong></span> <span class='ocrx_word' id='word_1_17' title='bbox 571 758 694 857; x_wconf 78' lang='lat' dir='ltr'><strong>itaque</strong></span> <span class='ocrx_word' id='word_1_18' title='bbox 724 759 848 845; x_wconf 83' lang='lat' dir='ltr'><strong>extitit</strong></span> <span class='ocrx_word' id='word_1_19' title='bbox 865 758 1044 837; x_wconf 85' lang='lat' dir='ltr'><strong>Maiestuti</strong></span> <span class='ocrx_word' id='word_1_20' title='bbox 1066 777 1210 835; x_wconf 80' lang='lat' dir='ltr'><strong>nostrae</strong></span> 
     </span>
     <span class='ocr_line' id='line_1_5' title="bbox 130 858 1209 966; baseline 0 -28"><span class='ocrx_word' id='word_1_21' title='bbox 130 864 170 938; x_wconf 90' lang='lat' dir='ltr'><strong>in</strong></span> <span class='ocrx_word' id='word_1_22' title='bbox 193 884 351 966; x_wconf 77' lang='lat' dir='ltr'><strong>persam</strong></span> <span class='ocrx_word' id='word_1_23' title='bbox 371 858 524 962; x_wconf 88' lang='lat' dir='ltr'><strong>praefati</strong></span> <span class='ocrx_word' id='word_1_24' title='bbox 541 858 692 935; x_wconf 86' lang='lat' dir='ltr'><strong>Comitis</strong></span> <span class='ocrx_word' id='word_1_25' title='bbox 706 860 867 956; x_wconf 86' lang='lat' dir='ltr'><strong>loannis,</strong></span> <span class='ocrx_word' id='word_1_26' title='bbox 886 863 1073 943; x_wconf 87' lang='lat' dir='ltr'><strong>humiliter</strong></span> <span class='ocrx_word' id='word_1_27' title='bbox 1092 867 1209 940; x_wconf 78' lang='lat' dir='ltr'><strong>etde·</strong></span> 
     </span>
     <span class='ocr_line' id='line_1_6' title="bbox 129 964 1210 1074; baseline 0.001 -32"><span class='ocrx_word' id='word_1_28' title='bbox 129 972 239 1058; x_wconf 70' lang='lat' dir='ltr'><strong>sote,</strong></span> <span class='ocrx_word' id='word_1_29' title='bbox 271 983 313 1041; x_wconf 90' lang='lat' dir='ltr'><strong>ut</strong></span> <span class='ocrx_word' id='word_1_30' title='bbox 333 964 476 1040; x_wconf 86' lang='lat' dir='ltr'><strong>easdem</strong></span> <span class='ocrx_word' id='word_1_31' title='bbox 503 967 641 1042; x_wconf 79' lang='lat' dir='ltr'><strong>litteras</strong></span> <span class='ocrx_word' id='word_1_32' title='bbox 668 984 784 1061; x_wconf 87' lang='lat' dir='ltr'><strong>ratas,</strong></span> <span class='ocrx_word' id='word_1_33' title='bbox 813 987 931 1073; x_wconf 76' lang='lat' dir='ltr'><strong>gratas</strong></span> <span class='ocrx_word' id='word_1_34' title='bbox 960 992 997 1047; x_wconf 92' lang='lat' dir='ltr'><strong>et</strong></span> <span class='ocrx_word' id='word_1_35' title='bbox 1023 989 1210 1074; x_wconf 81' lang='lat' dir='ltr'><strong>acceptas,</strong></span> 
     </span>
     <span class='ocr_line' id='line_1_7' title="bbox 130 1072 1261 1178; baseline 0.001 -29"><span class='ocrx_word' id='word_1_36' title='bbox 130 1072 326 1166; x_wconf 80' lang='lat' dir='ltr'><strong>habentes,</strong></span> <span class='ocrx_word' id='word_1_37' title='bbox 345 1073 554 1178; x_wconf 78' lang='lat' dir='ltr'><strong>nostrisque</strong></span> <span class='ocrx_word' id='word_1_38' title='bbox 572 1073 685 1149; x_wconf 87' lang='lat' dir='ltr'><strong>literis</strong></span> <span class='ocrx_word' id='word_1_39' title='bbox 703 1074 923 1177; x_wconf 75' lang='lat' dir='ltr'><strong>serbotenus</strong></span> <span class='ocrx_word' id='word_1_40' title='bbox 948 1080 1056 1153; x_wconf 85' lang='lat' dir='ltr'><strong>inseri</strong></span> <span class='ocrx_word' id='word_1_41' title='bbox 1077 1076 1209 1151; x_wconf 83' lang='lat' dir='ltr'><strong>¹sacien-</strong></span> <span class='ocrx_word' id='word_1_42' title='bbox 1257 1076 1261 1081; x_wconf 83' lang='grc'><strong>’</strong></span> 
     </span>
     <span class='ocr_line' id='line_1_8' title="bbox 131 1174 1209 1288; baseline 0.004 -36"><span class='ocrx_word' id='word_1_43' title='bbox 131 1174 218 1273; x_wconf 61' lang='lat' dir='ltr'><strong>tes‚&#39;</strong></span> <span class='ocrx_word' id='word_1_44' title='bbox 242 1204 311 1281; x_wconf 88' lang='lat' dir='ltr'><strong>pro</strong></span> <span class='ocrx_word' id='word_1_45' title='bbox 336 1178 503 1284; x_wconf 85' lang='lat' dir='ltr'><strong>praefato</strong></span> <span class='ocrx_word' id='word_1_46' title='bbox 528 1178 669 1262; x_wconf 77' lang='lat' dir='ltr'><strong>Gemite</strong></span> <span class='ocrx_word' id='word_1_47' title='bbox 692 1182 851 1275; x_wconf 73' lang='lat' dir='ltr'><strong>suanno,</strong></span> <span class='ocrx_word' id='word_1_48' title='bbox 878 1183 1026 1288; x_wconf 84' lang='lat' dir='ltr'><strong>suisque</strong></span> <span class='ocrx_word' id='word_1_49' title='bbox 1048 1181 1209 1273; x_wconf 72' lang='lat' dir='ltr'><strong>baeredi-</strong></span> 
     </span>
     <span class='ocr_line' id='line_1_9' title="bbox 129 1277 1226 1392; baseline 0.002 -32"><span class='ocrx_word' id='word_1_50' title='bbox 129 1285 201 1360; x_wconf 88' lang='lat' dir='ltr'><strong>bus</strong></span> <span class='ocrx_word' id='word_1_51' title='bbox 228 1287 424 1376; x_wconf 81' lang='lat' dir='ltr'><strong>universis,</strong></span> <span class='ocrx_word' id='word_1_52' title='bbox 460 1285 694 1378; x_wconf 80' lang='lat' dir='ltr'><strong>innovantes,</strong></span> <span class='ocrx_word' id='word_1_53' title='bbox 730 1305 913 1392; x_wconf 71' lang='lat' dir='ltr'><strong>perpetuo</strong></span> <span class='ocrx_word' id='word_1_54' title='bbox 934 1291 1103 1364; x_wconf 81' lang='lat' dir='ltr'><strong>valiturus</strong></span> <span class='ocrx_word' id='word_1_55' title='bbox 1123 1277 1226 1362; x_wconf 48' lang='lat' dir='ltr'><strong>ron?</strong></span> 
     </span>
     <span class='ocr_line' id='line_1_10' title="bbox 128 1390 1210 1495; baseline 0.002 -30"><span class='ocrx_word' id='word_1_56' title='bbox 128 1391 277 1466; x_wconf 84' lang='lat' dir='ltr'><strong>firmare</strong></span> <span class='ocrx_word' id='word_1_57' title='bbox 299 1390 548 1494; x_wconf 83' lang='lat' dir='ltr'><strong>dignaremur,</strong></span> <span class='ocrx_word' id='word_1_58' title='bbox 565 1414 721 1494; x_wconf 86' lang='lat' dir='ltr'><strong>quarum</strong></span> <span class='ocrx_word' id='word_1_59' title='bbox 740 1396 877 1495; x_wconf 79' lang='lat' dir='ltr'><strong>primae</strong></span> <span class='ocrx_word' id='word_1_60' title='bbox 897 1395 1040 1470; x_wconf 80' lang='lat' dir='ltr'><strong>litterae</strong></span> <span class='ocrx_word' id='word_1_61' title='bbox 1061 1409 1210 1469; x_wconf 81' lang='lat' dir='ltr'><strong>nostras</strong></span> 
     </span>
     <span class='ocr_line' id='line_1_11' title="bbox 128 1496 936 1600; baseline 0.002 -27"><span class='ocrx_word' id='word_1_62' title='bbox 128 1497 303 1573; x_wconf 80' lang='lat' dir='ltr'><strong>videlieet</strong></span> <span class='ocrx_word' id='word_1_63' title='bbox 322 1496 558 1600; x_wconf 80' lang='lat' dir='ltr'><strong>privilegialis</strong></span> <span class='ocrx_word' id='word_1_64' title='bbox 571 1513 679 1573; x_wconf 83' lang='lat' dir='ltr'><strong>tenor</strong></span> <span class='ocrx_word' id='word_1_65' title='bbox 696 1500 776 1572; x_wconf 82' lang='lat' dir='ltr'><strong>talis</strong></span> <span class='ocrx_word' id='word_1_66' title='bbox 797 1517 870 1574; x_wconf 89' lang='lat' dir='ltr'><strong>est:</strong></span> <span class='ocrx_word' id='word_1_67' title='bbox 932 1538 936 1558; x_wconf 62' lang='grc' dir='ltr'>ι</span> 
     </span>
    </p>
   </div>
   <div class='ocr_carea' id='block_1_3' title="bbox 103 1697 1324 2866">
    <p class='ocr_par' dir='ltr' id='par_1_3' title="bbox 127 1697 1324 2440">
     <span class='ocr_line' id='line_1_12' title="bbox 228 1697 1211 1804; baseline 0.002 -29"><span class='ocrx_word' id='word_1_68' title='bbox 228 1699 305 1775; x_wconf 89' lang='lat' dir='ltr'><strong>Nos</strong></span> <span class='ocrx_word' id='word_1_69' title='bbox 327 1697 532 1793; x_wconf 87' lang='lat' dir='ltr'><strong>Ladislaus‚</strong></span> <span class='ocrx_word' id='word_1_70' title='bbox 545 1698 621 1797; x_wconf 83' lang='lat' dir='ltr'><strong>Dei</strong></span> <span class='ocrx_word' id='word_1_71' title='bbox 638 1700 753 1804; x_wconf 81' lang='lat' dir='ltr'><strong>gratia</strong></span> <span class='ocrx_word' id='word_1_72' title='bbox 767 1698 987 1802; x_wconf 64' lang='lat' dir='ltr'><strong>nurgum,</strong></span> <span class='ocrx_word' id='word_1_73' title='bbox 1007 1697 1211 1791; x_wconf 73' lang='lat' dir='ltr'><strong>bohemiae,</strong></span> 
     </span>
     <span class='ocr_line' id='line_1_13' title="bbox 128 1806 1210 1907; baseline -0.003 -23"><span class='ocrx_word' id='word_1_74' title='bbox 128 1806 333 1884; x_wconf 82' lang='lat' dir='ltr'><strong>Dalmatiae</strong></span> <span class='ocrx_word' id='word_1_75' title='bbox 343 1806 543 1900; x_wconf 82' lang='lat' dir='ltr'><strong>‚·Croatiae</strong></span> <span class='ocrx_word' id='word_1_76' title='bbox 560 1822 632 1880; x_wconf 84' lang='lat' dir='ltr'><strong>etc.</strong></span> <span class='ocrx_word' id='word_1_77' title='bbox 648 1808 751 1898; x_wconf 24' lang='lat' dir='ltr'><strong>ruer,</strong></span> <span class='ocrx_word' id='word_1_78' title='bbox 766 1807 1007 1907; x_wconf 82' lang='lat' dir='ltr'><strong>Austriasque</strong></span> <span class='ocrx_word' id='word_1_79' title='bbox 1026 1806 1210 1881; x_wconf 83' lang='lat' dir='ltr'><strong>etStiriae</strong></span> 
     </span>
     <span class='ocr_line' id='line_1_14' title="bbox 128 1907 1209 2014; baseline 0.001 -27"><span class='ocrx_word' id='word_1_80' title='bbox 128 1916 238 2006; x_wconf 83' lang='lat' dir='ltr'><strong>Dux,</strong></span> <span class='ocrx_word' id='word_1_81' title='bbox 261 1937 328 1992; x_wconf 84' lang='lat' dir='ltr'><strong>nec</strong></span> <span class='ocrx_word' id='word_1_82' title='bbox 344 1937 422 1986; x_wconf 84' lang='lat' dir='ltr'><strong>non</strong></span> <span class='ocrx_word' id='word_1_83' title='bbox 437 1907 603 1986; x_wconf 85' lang='lat' dir='ltr'><strong>Marobio</strong></span> <span class='ocrx_word' id='word_1_84' title='bbox 618 1910 804 1986; x_wconf 82' lang='lat' dir='ltr'><strong>Moraiiae</strong></span> <span class='ocrx_word' id='word_1_85' title='bbox 822 1928 890 1985; x_wconf 83' lang='lat' dir='ltr'><strong>etc.</strong></span> <span class='ocrx_word' id='word_1_86' title='bbox 918 1912 979 1986; x_wconf 86' lang='lat' dir='ltr'><strong>Ad</strong></span> <span class='ocrx_word' id='word_1_87' title='bbox 993 1922 1209 2014; x_wconf 84' lang='lat' dir='ltr'><strong>perpetuam</strong></span> 
     </span>
     <span class='ocr_line' id='line_1_15' title="bbox 127 2009 1324 2119; baseline -0.003 -23"><span class='ocrx_word' id='word_1_88' title='bbox 127 2023 183 2096; x_wconf 77' lang='lat' dir='ltr'><strong>rei</strong></span> <span class='ocrx_word' id='word_1_89' title='bbox 197 2020 421 2092; x_wconf 78' lang='lat' dir='ltr'><strong>memoriam.</strong></span> <span class='ocrx_word' id='word_1_90' title='bbox 459 2019 621 2093; x_wconf 80' lang='lat' dir='ltr'><strong>Potestas</strong></span> <span class='ocrx_word' id='word_1_91' title='bbox 642 2009 869 2119; x_wconf 79' lang='lat' dir='ltr'><strong>regnantium</strong></span> <span class='ocrx_word' id='word_1_92' title='bbox 886 2015 935 2088; x_wconf 90' lang='lat' dir='ltr'><strong>ad</strong></span> <span class='ocrx_word' id='word_1_93' title='bbox 953 2017 1024 2091; x_wconf 85' lang='lat' dir='ltr'><strong>boc</strong></span> <span class='ocrx_word' id='word_1_94' title='bbox 1042 2015 1212 2093; x_wconf 80' lang='lat' dir='ltr'><strong>divinitus</strong></span> <span class='ocrx_word' id='word_1_95' title='bbox 1322 2036 1324 2041; x_wconf 86' lang='grc'><strong>’</strong></span> 
     </span>
     <span class='ocr_line' id='line_1_16' title="bbox 127 2121 1213 2224; baseline -0.002 -24"><span class='ocrx_word' id='word_1_96' title='bbox 127 2129 168 2200; x_wconf 94' lang='lat' dir='ltr'><strong>in</strong></span> <span class='ocrx_word' id='word_1_97' title='bbox 183 2126 290 2200; x_wconf 87' lang='lat' dir='ltr'><strong>terris</strong></span> <span class='ocrx_word' id='word_1_98' title='bbox 303 2139 429 2198; x_wconf 69' lang='lat' dir='ltr'><strong>erema</strong></span> <span class='ocrx_word' id='word_1_99' title='bbox 445 2141 516 2217; x_wconf 65' lang='lat' dir='ltr'><strong>est‘,</strong></span> <span class='ocrx_word' id='word_1_100' title='bbox 535 2140 597 2217; x_wconf 88' lang='lat' dir='ltr'><strong>ut,</strong></span> <span class='ocrx_word' id='word_1_101' title='bbox 621 2121 930 2224; x_wconf 85' lang='lat' dir='ltr'><strong>quemadmodum</strong></span> <span class='ocrx_word' id='word_1_102' title='bbox 949 2121 1213 2201; x_wconf 84' lang='lat' dir='ltr'><strong>ad·vindiotam</strong></span> 
     </span>
     <span class='ocr_line' id='line_1_17' title="bbox 128 2225 1210 2324; baseline -0.005 -18"><span class='ocrx_word' id='word_1_103' title='bbox 128 2231 329 2324; x_wconf 90' lang='lat' dir='ltr'><strong>malorum,</strong></span> <span class='ocrx_word' id='word_1_104' title='bbox 346 2233 400 2303; x_wconf 84' lang='lat' dir='ltr'><strong>ita</strong></span> <span class='ocrx_word' id='word_1_105' title='bbox 424 2228 526 2304; x_wconf 88' lang='lat' dir='ltr'><strong>etad</strong></span> <span class='ocrx_word' id='word_1_106' title='bbox 549 2230 693 2304; x_wconf 90' lang='lat' dir='ltr'><strong>laudem</strong></span> <span class='ocrx_word' id='word_1_107' title='bbox 714 2231 760 2303; x_wconf 92' lang='lat' dir='ltr'><strong>sit</strong></span> <span class='ocrx_word' id='word_1_108' title='bbox 776 2228 962 2303; x_wconf 84' lang='lat' dir='ltr'><strong>bonorum</strong></span> <span class='ocrx_word' id='word_1_109' title='bbox 983 2245 1019 2303; x_wconf 88' lang='lat' dir='ltr'><strong>et</strong></span> <span class='ocrx_word' id='word_1_110' title='bbox 1035 2243 1078 2301; x_wconf 86' lang='lat' dir='ltr'><strong>nt</strong></span> <span class='ocrx_word' id='word_1_111' title='bbox 1090 2225 1210 2305; x_wconf 82' lang='lat' dir='ltr'><strong>subie-</strong></span> 
     </span>
     <span class='ocr_line' id='line_1_18' title="bbox 128 2333 1212 2440; baseline -0.002 -28"><span class='ocrx_word' id='word_1_112' title='bbox 128 2354 230 2413; x_wconf 86' lang='lat' dir='ltr'><strong>ctum</strong></span> <span class='ocrx_word' id='word_1_113' title='bbox 256 2334 326 2410; x_wconf 89' lang='lat' dir='ltr'><strong>sibi</strong></span> <span class='ocrx_word' id='word_1_114' title='bbox 358 2337 574 2438; x_wconf 85' lang='lat' dir='ltr'><strong>promiscui,</strong></span> <span class='ocrx_word' id='word_1_115' title='bbox 590 2335 733 2440; x_wconf 82' lang='lat' dir='ltr'><strong>&#39;populi</strong></span> <span class='ocrx_word' id='word_1_116' title='bbox 760 2333 904 2409; x_wconf 84' lang='lat' dir='ltr'><strong>fidelem</strong></span> <span class='ocrx_word' id='word_1_117' title='bbox 927 2353 1090 2428; x_wconf 60' lang='lat' dir='ltr'><strong>oetump</strong></span> <span class='ocrx_word' id='word_1_118' title='bbox 1110 2350 1212 2438; x_wconf 84' lang='lat' dir='ltr'><strong>regat</strong></span> 
     </span>
    </p>

    <p class='ocr_par' dir='ltr' id='par_1_4' title="bbox 103 2440 1292 2866">
     <span class='ocr_line' id='line_1_19' title="bbox 103 2440 1291 2543; baseline -0.003 -25"><span class='ocrx_word' id='word_1_119' title='bbox 103 2442 401 2536; x_wconf 77' lang='lat' dir='ltr'><strong>benevolentia,</strong></span> <span class='ocrx_word' id='word_1_120' title='bbox 434 2441 652 2516; x_wconf 77' lang='lat' dir='ltr'><strong>liberalitate</strong></span> <span class='ocrx_word' id='word_1_121' title='bbox 687 2440 842 2515; x_wconf 87' lang='lat' dir='ltr'><strong>attrahat</strong></span> <span class='ocrx_word' id='word_1_122' title='bbox 863 2456 902 2516; x_wconf 90' lang='lat' dir='ltr'><strong>et</strong></span> <span class='ocrx_word' id='word_1_123' title='bbox 927 2441 1211 2543; x_wconf 73' lang='lat' dir='ltr'><strong>uniuscuiusque</strong></span> <span class='ocrx_word' id='word_1_124' title='bbox 1238 2493 1241 2502; x_wconf 65' lang='lat'>,</span> <span class='ocrx_word' id='word_1_125' title='bbox 1289 2459 1291 2463; x_wconf 86' lang='grc'><em>·</em></span> 
     </span>
     <span class='ocr_line' id='line_1_20' title="bbox 124 2542 1210 2652; baseline 0.004 -29"><span class='ocrx_word' id='word_1_126' title='bbox 124 2551 259 2624; x_wconf 87' lang='lat' dir='ltr'><strong>merita</strong></span> <span class='ocrx_word' id='word_1_127' title='bbox 281 2548 469 2651; x_wconf 81' lang='lat' dir='ltr'><strong>condignis</strong></span> <span class='ocrx_word' id='word_1_128' title='bbox 494 2547 799 2624; x_wconf 80' lang='lat' dir='ltr'><strong>retributionibus</strong></span> <span class='ocrx_word' id='word_1_129' title='bbox 822 2542 1082 2652; x_wconf 80' lang='lat' dir='ltr'><strong>prosequatur.&#39;</strong></span> <span class='ocrx_word' id='word_1_130' title='bbox 1096 2546 1210 2638; x_wconf 81' lang='lat' dir='ltr'><strong>Quod</strong></span> 
     </span>
     <span class='ocr_line' id='line_1_21' title="bbox 128 2652 1209 2767; baseline -0.002 -36"><span class='ocrx_word' id='word_1_131' title='bbox 128 2657 196 2731; x_wconf 87' lang='lat' dir='ltr'><strong>etsi</strong></span> <span class='ocrx_word' id='word_1_132' title='bbox 214 2656 317 2767; x_wconf 85' lang='lat' dir='ltr'><strong>quasi</strong></span> <span class='ocrx_word' id='word_1_133' title='bbox 334 2681 380 2728; x_wconf 84' lang='lat' dir='ltr'><strong>ex</strong></span> <span class='ocrx_word' id='word_1_134' title='bbox 397 2654 524 2728; x_wconf 86' lang='lat' dir='ltr'><strong>debito</strong></span> <span class='ocrx_word' id='word_1_135' title='bbox 539 2654 678 2756; x_wconf 80' lang='lat' dir='ltr'><strong>publici</strong></span> <span class='ocrx_word' id='word_1_136' title='bbox 695 2652 809 2729; x_wconf 86' lang='lat' dir='ltr'><strong>ollieii</strong></span> <span class='ocrx_word' id='word_1_137' title='bbox 824 2672 861 2729; x_wconf 88' lang='lat' dir='ltr'><strong>et</strong></span> <span class='ocrx_word' id='word_1_138' title='bbox 877 2654 1034 2757; x_wconf 86' lang='lat' dir='ltr'><strong>quadam</strong></span> <span class='ocrx_word' id='word_1_139' title='bbox 1050 2656 1209 2757; x_wconf 75' lang='lat' dir='ltr'><strong>generali</strong></span> 
     </span>
     <span class='ocr_line' id='line_1_22' title="bbox 128 2752 1292 2866; baseline 0.003 -31"><span class='ocrx_word' id='word_1_140' title='bbox 128 2758 340 2862; x_wconf 84' lang='lat' dir='ltr'><strong>Principum</strong></span> <span class='ocrx_word' id='word_1_141' title='bbox 367 2752 494 2866; x_wconf 83' lang='lat' dir='ltr'><strong>regula</strong></span> <span class='ocrx_word' id='word_1_142' title='bbox 521 2758 601 2835; x_wconf 87' lang='lat' dir='ltr'><strong>fieri</strong></span> <span class='ocrx_word' id='word_1_143' title='bbox 627 2761 757 2834; x_wconf 84' lang='lat' dir='ltr'><strong>soleat:</strong></span> <span class='ocrx_word' id='word_1_144' title='bbox 786 2760 824 2833; x_wconf 91' lang='lat' dir='ltr'><strong>bi</strong></span> <span class='ocrx_word' id='word_1_145' title='bbox 851 2776 971 2837; x_wconf 80' lang='lat' dir='ltr'><strong>tamen</strong></span> <span class='ocrx_word' id='word_1_146' title='bbox 993 2759 1209 2839; x_wconf 85' lang='lat' dir='ltr'><strong>clarioribus</strong></span> <span class='ocrx_word' id='word_1_147' title='bbox 1290 2837 1292 2845; x_wconf 70' lang='grc'>,</span> 
     </span>
    </p>
   </div>
   <div class='ocr_carea' id='block_1_4' title="bbox 129 2864 1333 2969">
    <p class='ocr_par' dir='ltr' id='par_1_5' title="bbox 129 2864 1333 2969">
     <span class='ocr_line' id='line_1_23' title="bbox 129 2864 1333 2969; baseline 0.005 -27"><span class='ocrx_word' id='word_1_148' title='bbox 129 2866 285 2942; x_wconf 84' lang='lat' dir='ltr'><strong>ornandi</strong></span> <span class='ocrx_word' id='word_1_149' title='bbox 299 2885 391 2940; x_wconf 77' lang='lat' dir='ltr'><strong>sunt</strong></span> <span class='ocrx_word' id='word_1_150' title='bbox 411 2867 530 2941; x_wconf 53' lang='lat' dir='ltr'><strong>¹titulis</strong></span> <span class='ocrx_word' id='word_1_151' title='bbox 556 2882 594 2940; x_wconf 89' lang='lat' dir='ltr'><strong>et</strong></span> <span class='ocrx_word' id='word_1_152' title='bbox 617 2866 807 2969; x_wconf 85' lang='lat' dir='ltr'><strong>altioribus</strong></span> <span class='ocrx_word' id='word_1_153' title='bbox 825 2864 1076 2968; x_wconf 65' lang='lat' dir='ltr'><strong>magnificandi</strong></span> <span class='ocrx_word' id='word_1_154' title='bbox 1093 2866 1210 2947; x_wconf 85' lang='lat' dir='ltr'><strong>bono·</strong></span> <span class='ocrx_word' id='word_1_155' title='bbox 1330 2868 1333 2872; x_wconf 39' lang='grc'>“</span> 
     </span>
    </p>
   </div>
   <div class='ocr_carea' id='block_1_5' title="bbox 116 2970 1284 4132">
    <p class='ocr_par' dir='ltr' id='par_1_6' title="bbox 116 2970 1284 4132">
     <span class='ocr_line' id='line_1_24' title="bbox 129 2970 1209 3074; baseline 0.003 -26"><span class='ocrx_word' id='word_1_156' title='bbox 129 2973 253 3067; x_wconf 76' lang='lat' dir='ltr'><strong>ribus,</strong></span> <span class='ocrx_word' id='word_1_157' title='bbox 273 2993 366 3074; x_wconf 84' lang='lat' dir='ltr'><strong>quos</strong></span> <span class='ocrx_word' id='word_1_158' title='bbox 388 2975 564 3048; x_wconf 84' lang='lat' dir='ltr'><strong>sincerior</strong></span> <span class='ocrx_word' id='word_1_159' title='bbox 581 2970 689 3065; x_wconf 83' lang='lat' dir='ltr'><strong>fides,</strong></span> <span class='ocrx_word' id='word_1_160' title='bbox 709 2973 953 3074; x_wconf 82' lang='lat' dir='ltr'><strong>magnanimes</strong></span> <span class='ocrx_word' id='word_1_161' title='bbox 969 2987 1073 3047; x_wconf 89' lang='lat' dir='ltr'><strong>actus</strong></span> <span class='ocrx_word' id='word_1_162' title='bbox 1092 2972 1130 3048; x_wconf 80' lang='lat' dir='ltr'><strong>st&#39;</strong></span> <span class='ocrx_word' id='word_1_163' title='bbox 1146 2987 1209 3051; x_wconf 83' lang='lat' dir='ltr'><strong>eit·</strong></span> 
     </span>
     <span class='ocr_line' id='line_1_25' title="bbox 130 3076 1209 3180; baseline -0.004 -24"><span class='ocrx_word' id='word_1_164' title='bbox 130 3080 344 3156; x_wconf 88' lang='lat' dir='ltr'><strong>cellentiora</strong></span> <span class='ocrx_word' id='word_1_165' title='bbox 370 3082 498 3153; x_wconf 89' lang='lat' dir='ltr'><strong>merita</strong></span> <span class='ocrx_word' id='word_1_166' title='bbox 524 3076 680 3153; x_wconf 83' lang='lat' dir='ltr'><strong>caeteris</strong></span> <span class='ocrx_word' id='word_1_167' title='bbox 697 3090 944 3179; x_wconf 78' lang='lat' dir='ltr'><strong>anteponunt.</strong></span> <span class='ocrx_word' id='word_1_168' title='bbox 979 3078 1061 3153; x_wconf 86' lang='lat' dir='ltr'><strong>Has</strong></span> <span class='ocrx_word' id='word_1_169' title='bbox 1085 3079 1209 3180; x_wconf 85' lang='lat' dir='ltr'><strong>itaque</strong></span> 
     </span>
     <span class='ocr_line' id='line_1_26' title="bbox 131 3180 1210 3288; baseline 0.002 -27"><span class='ocrx_word' id='word_1_170' title='bbox 131 3186 443 3288; x_wconf 83' lang='lat' dir='ltr'><strong>contemplacione</strong></span> <span class='ocrx_word' id='word_1_171' title='bbox 472 3186 707 3259; x_wconf 85' lang='lat' dir='ltr'><strong>clarissimam</strong></span> <span class='ocrx_word' id='word_1_172' title='bbox 735 3180 864 3276; x_wconf 82' lang='lat' dir='ltr'><strong>fidem,</strong></span> <span class='ocrx_word' id='word_1_173' title='bbox 884 3185 1048 3259; x_wconf 65' lang='lat' dir='ltr'><strong>uirtutes</strong></span> <span class='ocrx_word' id='word_1_174' title='bbox 1073 3185 1210 3287; x_wconf 81' lang='lat' dir='ltr'><strong>magni·</strong></span> 
     </span>
     <span class='ocr_line' id='line_1_27' title="bbox 130 3288 1212 3394; baseline 0.001 -28"><span class='ocrx_word' id='word_1_175' title='bbox 130 3289 236 3383; x_wconf 77' lang='lat' dir='ltr'><strong>liras,</strong></span> <span class='ocrx_word' id='word_1_176' title='bbox 266 3291 470 3368; x_wconf 83' lang='lat' dir='ltr'><strong>fortissima</strong></span> <span class='ocrx_word' id='word_1_177' title='bbox 482 3303 601 3394; x_wconf 84' lang='lat' dir='ltr'><strong>gesta,</strong></span> <span class='ocrx_word' id='word_1_178' title='bbox 630 3290 919 3394; x_wconf 82' lang='lat' dir='ltr'><strong>multipliciaque</strong></span> <span class='ocrx_word' id='word_1_179' title='bbox 950 3288 1212 3392; x_wconf 68' lang='lat' dir='ltr'><strong>obsequiorum</strong></span> 
     </span>
     <span class='ocr_line' id='line_1_28' title="bbox 130 3395 1214 3502; baseline 0.001 -32"><span class='ocrx_word' id='word_1_180' title='bbox 130 3422 282 3502; x_wconf 83' lang='lat' dir='ltr'><strong>genera,</strong></span> <span class='ocrx_word' id='word_1_181' title='bbox 310 3397 427 3472; x_wconf 86' lang='lat' dir='ltr'><strong>fidelis</strong></span> <span class='ocrx_word' id='word_1_182' title='bbox 444 3398 579 3488; x_wconf 86' lang='lat' dir='ltr'><strong>nostri,</strong></span> <span class='ocrx_word' id='word_1_183' title='bbox 609 3397 749 3472; x_wconf 68' lang='lat' dir='ltr'><strong>sineere</strong></span> <span class='ocrx_word' id='word_1_184' title='bbox 776 3395 922 3497; x_wconf 86' lang='lat' dir='ltr'><strong>dilecti,</strong></span> <span class='ocrx_word' id='word_1_185' title='bbox 948 3395 1156 3498; x_wconf 81' lang='lat' dir='ltr'><strong>spectabilis</strong></span> <span class='ocrx_word' id='word_1_186' title='bbox 1175 3411 1214 3473; x_wconf 84' lang='lat' dir='ltr'><strong>st</strong></span> 
     </span>
     <span class='ocr_line' id='line_1_29' title="bbox 116 3501 1212 3608; baseline -0.001 -31"><span class='ocrx_word' id='word_1_187' title='bbox 116 3501 312 3608; x_wconf 83' lang='lat' dir='ltr'><strong>magnifici</strong></span> <span class='ocrx_word' id='word_1_188' title='bbox 330 3507 400 3579; x_wconf 82' lang='lat' dir='ltr'><strong>riri</strong></span> <span class='ocrx_word' id='word_1_189' title='bbox 418 3503 567 3579; x_wconf 80' lang='lat' dir='ltr'><strong>loannis</strong></span> <span class='ocrx_word' id='word_1_190' title='bbox 587 3502 633 3578; x_wconf 89' lang='lat' dir='ltr'><strong>de</strong></span> <span class='ocrx_word' id='word_1_191' title='bbox 651 3502 824 3604; x_wconf 80' lang='lat' dir='ltr'><strong>Hunyad,</strong></span> <span class='ocrx_word' id='word_1_192' title='bbox 844 3506 954 3580; x_wconf 84' lang='lat' dir='ltr'><strong>totius</strong></span> <span class='ocrx_word' id='word_1_193' title='bbox 971 3503 1077 3608; x_wconf 79' lang='lat' dir='ltr'><strong>regni</strong></span> <span class='ocrx_word' id='word_1_194' title='bbox 1095 3504 1212 3581; x_wconf 80' lang='lat' dir='ltr'><strong>nostri</strong></span> 
     </span>
     <span class='ocr_line' id='line_1_30' title="bbox 127 3607 1211 3716; baseline 0 -32"><span class='ocrx_word' id='word_1_195' title='bbox 127 3611 339 3712; x_wconf 81' lang='lat' dir='ltr'><strong>-Hungariae</strong></span> <span class='ocrx_word' id='word_1_196' title='bbox 367 3622 483 3712; x_wconf 86' lang='lat' dir='ltr'><strong>usque</strong></span> <span class='ocrx_word' id='word_1_197' title='bbox 510 3608 565 3683; x_wconf 81' lang='lat' dir='ltr'><strong>ad.</strong></span> <span class='ocrx_word' id='word_1_198' title='bbox 588 3607 687 3684; x_wconf 74' lang='lat' dir='ltr'><strong>liaeo</strong></span> <span class='ocrx_word' id='word_1_199' title='bbox 704 3627 871 3708; x_wconf 78' lang='lat' dir='ltr'><strong>nostrae.</strong></span> <span class='ocrx_word' id='word_1_200' title='bbox 889 3610 1211 3716; x_wconf 71' lang='lat' dir='ltr'><strong>teutis&#39;tempora</strong></span> 
     </span>
     <span class='ocr_line' id='line_1_31' title="bbox 131 3711 1211 3820; baseline 0.001 -31"><span class='ocrx_word' id='word_1_201' title='bbox 131 3711 398 3792; x_wconf 84' lang='lat' dir='ltr'><strong>Gubernatoris</strong></span> <span class='ocrx_word' id='word_1_202' title='bbox 417 3715 1122 3820; x_wconf 69' lang='lat' dir='ltr'><strong>magnanimis=et·VairodaeTrsnsilsani</strong></span> <span class='ocrx_word' id='word_1_203' title='bbox 1140 3733 1211 3793; x_wconf 85' lang='lat' dir='ltr'><strong>etc.</strong></span> 
     </span>
     <span class='ocr_line' id='line_1_32' title="bbox 132 3815 1284 3926; baseline 0.003 -32"><span class='ocrx_word' id='word_1_204' title='bbox 132 3823 197 3925; x_wconf 87' lang='lat' dir='ltr'><strong>qui</strong></span> <span class='ocrx_word' id='word_1_205' title='bbox 220 3823 316 3896; x_wconf 89' lang='lat' dir='ltr'><strong>sicut</strong></span> <span class='ocrx_word' id='word_1_206' title='bbox 335 3822 714 3926; x_wconf 76' lang='lat' dir='ltr'><strong>integritatecaeteris</strong></span> <span class='ocrx_word' id='word_1_207' title='bbox 734 3822 888 3917; x_wconf 72' lang='lat' dir='ltr'><strong>elatior,</strong></span> <span class='ocrx_word' id='word_1_208' title='bbox 908 3823 1120 3924; x_wconf 81' lang='lat' dir='ltr'><strong>ita&#39;potsnti</strong></span> <span class='ocrx_word' id='word_1_209' title='bbox 1135 3818 1212 3923; x_wconf 67' lang='lat' dir='ltr'><strong>frit·</strong></span> <span class='ocrx_word' id='word_1_210' title='bbox 1258 3864 1261 3874; x_wconf 42' lang='grc' dir='ltr'><em>ν</em></span> <span class='ocrx_word' id='word_1_211' title='bbox 1282 3815 1284 3823; x_wconf 61' lang='grc'><em>’</em></span> 
     </span>
     <span class='ocr_line' id='line_1_33' title="bbox 133 3927 1212 4034; baseline 0.004 -34"><span class='ocrx_word' id='word_1_212' title='bbox 133 3941 211 4003; x_wconf 86' lang='lat' dir='ltr'><strong>tute</strong></span> <span class='ocrx_word' id='word_1_213' title='bbox 229 3927 280 4001; x_wconf 83' lang='lat' dir='ltr'><strong>ab</strong></span> <span class='ocrx_word' id='word_1_214' title='bbox 308 3929 542 4005; x_wconf 76' lang='lat' dir='ltr'><strong>incunabulis</strong></span> <span class='ocrx_word' id='word_1_215' title='bbox 561 3928 686 4001; x_wconf 64' lang='lat' dir='ltr'><strong>aotam</strong></span> <span class='ocrx_word' id='word_1_216' title='bbox 701 3931 877 4023; x_wconf 75' lang='lat' dir='ltr'><strong>bostraa,&#39;</strong></span> <span class='ocrx_word' id='word_1_217' title='bbox 894 3932 1017 4034; x_wconf 49' lang='grc' dir='ltr'><strong>νομί.)</strong></span> <span class='ocrx_word' id='word_1_218' title='bbox 1039 3940 1152 4005; x_wconf 84' lang='lat' dir='ltr'><strong>status</strong></span> <span class='ocrx_word' id='word_1_219' title='bbox 1175 3943 1212 4034; x_wconf 76' lang='lat' dir='ltr'><strong>et</strong></span> 
     </span>
     <span class='ocr_line' id='line_1_34' title="bbox 134 4027 1213 4132; baseline 0.006 -26"><span class='ocrx_word' id='word_1_220' title='bbox 134 4027 292 4111; x_wconf 81' lang='lat' dir='ltr'><strong>bonoria·</strong></span> <span class='ocrx_word' id='word_1_221' title='bbox 311 4037 433 4115; x_wconf 56' lang='lat' dir='ltr'><strong>nostri*</strong></span> <span class='ocrx_word' id='word_1_222' title='bbox 449 4048 684 4112; x_wconf 74' lang='lat' dir='ltr'><strong>contemnor</strong></span> <span class='ocrx_word' id='word_1_223' title='bbox 704 4051 742 4110; x_wconf 90' lang='lat' dir='ltr'><strong>et</strong></span> <span class='ocrx_word' id='word_1_224' title='bbox 755 4037 929 4119; x_wconf 70' lang='lat' dir='ltr'><strong>talamus</strong></span> <span class='ocrx_word' id='word_1_225' title='bbox 948 4035 1136 4132; x_wconf 74' lang='lat' dir='ltr'><strong>fult,&#39;non</strong></span> <span class='ocrx_word' id='word_1_226' title='bbox 1151 4049 1213 4113; x_wconf 80' lang='lat' dir='ltr'><strong>‘so-</strong></span> 
     </span>
    </p>
   </div>
   <div class='ocr_carea' id='block_1_6' title="bbox 0 0 1359 4568">
    <p class='ocr_par' dir='ltr' id='par_1_7' title="bbox 0 0 1359 4568">
     <span class='ocr_line' id='line_1_35' title="bbox 0 0 1359 4568; baseline 0 0"><span class='ocrx_word' id='word_1_227' title='bbox 0 0 1359 4568; x_wconf 95' lang='lat' dir='ltr'><strong> </strong></span> 
     </span>
    </p>
   </div>
  </div>
 </body>
</html>
