2708 4568
160 328 233 400 1¹8

34 564 38 579 ·
157 542 277 643 ipsum
296 539 497 642 passagium
515 560 585 640 pro
606 560 702 610 anno
718 533 845 610 futuro
863 551 1102 638 prorogatum
1118 559 1243 637 agere·

157 656 240 737 tur,
275 661 312 719 et
332 644 382 719 ob
410 642 482 718 boc
509 645 622 716 etiamr
644 643 760 746 petita
780 643 912 716 auxilia
931 667 1009 716 non
1029 645 1159 750 negari·
1176 666 1245 743 per

157 751 196 828 S.
213 751 257 824 V.
281 747 345 826 sed
363 748 504 824 differri
522 745 757 843 videbantur3
793 764 996 853 optassem,
1023 764 1131 852 pater
1156 748 1246 822 bea·

27 888 31 897 ¹
77 872 89 885 “·
157 857 502 949 tissime,·.voluutati
511 853 550 930 S.
562 855 606 927 Va
617 854 885 953 satisfacereet
906 854 1007 929 cuius
1024 855 1243 958 patrocinio,

157 964 233 1036 eius
258 980 296 1037 et
317 963 467 1036 consilio
488 963 562 1057 uti,
599 958 664 1034 sed
685 985 797 1061 quum
816 959 929 1034 hostis
948 960 1009 1033 itte
1028 952 1241 1053 veteranus,

156 1069 385 1143 Teucrorum
404 1072 626 1171 Imperator,
649 1067 850 1140 novissimis
870 1065 1148 1154 christianorum
1168 1067 1241 1140 cia·

146 1173 421 1248 ‘dibus'·reeens
433 1203 446 1268 ,⁴
482 1199 566 1247 cum
592 1198 719 1274 magna
742 1189 779 1245 et
798 1173 962 1247 terrestri
982 1188 1017 1245 et
1036 1173 1157 1245 nasaii.
1172 1198 1242 1275 po-

156 1283 271 1353 tentia
290 1278 421 1353 finibus
439 1281 573 1352 nostris
592 1280 926 1380 propingua‘eastra
946 1276 1240 1372 circumducens,

154 1387 278 1489 piures
313 1384 485 1474 adversus
517 1410 583 1460 nos
615 1383 844 1484 immigrandi
873 1380 1008 1488 passus
1027 1372 1239 1478 tentaverit,

156 1506 406 1592 opportunum
423 1489 493 1562 fuit
505 1505 548 1564 et
564 1514 630 1564 nos
648 1488 693 1561 ad
713 1488 833 1561 subita
854 1489 939 1565 belli
957 1490 1152 1563 ministeria
1167 1516 1240 1562 ma·

154 1623 244 1669 num
270 1597 435 1688 mittere,
474 1611 515 1695 ut
541 1613 661 1670 tantae
691 1598 871 1697 potentiae
899 1597 1155 1691 resisteretur,
1189 1622 1238 1669 ne

114 1776 116 1780 ,
154 1718 301 1806 paratus
320 1703 399 1804 ipse
415 1695 610 1806 imparatos
631 1726 697 1777 nos
720 1700 951 1776 obtunderet.
974 1699 1128 1805 Semper
1140 1702 1239 1777 enim

31 1878 33 1884 .
155 1824 202 1881 ex
223 1834 268 1882 eo
290 1800 414 1901 h'oste,
438 1811 473 1881 'si
490 1817 574 1881 riou
592 1825 788 1911 apertum,
806 1824 1012 1910 suspectum
1033 1825 1151 1883 tamen
1170 1834 1239 1883 no·

58 2006 62 2013 ⁸
153 1911 212 1986 bis
233 1912 371 1988 hettum
393 1916 576 2009 imminet,
604 1911 705 2016 quod
728 1914 873 2015 quidem
892 1936 997 2017 saepe
1020 1941 1172 1989 numero
1193 1915 1237 1988 il-

66 2058 68 2063 ·
147 2019 287 2115 iatum,
323 2022 536 2127 priusquam
563 2035 803 2115 ostentatum,
840 2022 1090 2123 persensimus
1133 2022 1237 2095 Bello

53 2146 56 2150 ’
155 2127 278 2230 itaque
297 2127 343 2199 ad
357 2120 495 2202 bellum
513 2129 632 2202 eoacti
651 2130 687 2199 in
699 2127 768 2199 Dei
785 2129 934 2232 nomiae
953 2130 1254 2222 exsurreximus,

93 2235 95 2245 '
154 2235 606 2334 minimusque-occasioni
623 2247 767 2307 nostrae
784 2250 821 2306 et
838 2235 998 2336 tempori
1008 2259 1083 2307 non
1100 2233 1237 2326 deesse,

154 2364 201 2412 ue
230 2345 471 2414 occasionem·
485 2363 587 2437 suam
610 2336 706 2432 hosti
734 2337 913 2421 daremus,
949 2340 1025 2428 Qui
1052 2365 1166 2442 quum
1191 2366 1236 2415 eo

155 2443 300 2539 audito,
338 2438 522 2547 evestigio
548 2444 773 2537 subsistens,
787 2461 933 2546 pararet
954 2461 1034 2532 tum,
1058 2446 1238 2520 dilationi·

148 2547 242 2647 ¹bus,
263 2568 342 2626 tum
357 2553 464 2624 variis
481 2549 772 2624 simulationibus
790 2563 981 2655 apparatus
1001 2553 1145 2626 nostros
1162 2553 1237 2628 elu-

155 2653 265 2748 dere,
301 2682 368 2730 nos
391 2649 625 2729 nibilominus
652 2657 993 2759 prioriintentioui.
1008 2674 1236 2758 praesentem

154 2763 404 2841 necessitatem
423 2765 626 2863 iungentes,
650 2760 826 2837 indictum
842 2754 1040 2868 passagium
1058 2765 1234 2862 prosequi
1250 2815 1253 2819 -

154 2872 366 2969 statuimus,
386 2875 393 2918 '·
410 2862 511 2943 tanto
538 2866 666 2942 fortius
698 2870 918 2971 aggressuri,
951 2886 1088 2969 qttanto
1116 2872 1234 2941 maior

153 2997 255 3076 spes»,
273 2977 465 3078 maiorque
486 2976 624 3073 animus
637 2989 711 3066 -est,
733 2974 920 3048 inferentis
933 2968 1029 3069 ¹vim,
1049 3000 1160 3076 qnam
1180 3002 1236 3048 ar-

91 3177 94 3181 ,
154 3083 279 3156 centis.
313 3083 393 3184 Ego
407 3104 500 3156 'vero
519 3081 699 3184 propositi
718 3077 822 3154 buius
844 3097 880 3154 et
900 3082 1118 3156 necessitatis
1138 3080 1235 3154 indi·

51 3239 54 3245 ·
153 3212 235 3261 eem
264 3214 322 3262 me
350 3187 447 3289 apud
473 3187 511 3263 S.
530 3189 574 3261 V.
598 3190 745 3288 ingero,
782 3186 873 3288 quid
899 3187 1076 3290 agendum
1102 3188 1260 3288 magis,

152 3291 352 3396 quamquid
376 3292 603 3396 loquendum
630 3296 679 3365 sit
689 3337 713 3385 ‚.
739 3292 968 3367 considemus
997 3311 1034 3368 et·
1054 3292 1235 3396 spondere

151 3401 301 3474 minime
325 3401 458 3492 ausim,
482 3397 580 3472 idem
597 3397 732 3491 robur,
761 3396 955 3494 eumdem,
973 3402 1005 3474 si
1020 3399 1235 3472 differretur

80 3540 85 3554 ·
151 3502 288 3580 bellum
297 3563 312 3600 ,
327 3507 497 3580 animum
510 3565 511 3568 ,
523 3520 649 3605 postea
666 3503 766 3599 fore,
795 3521 835 3581 ut
852 3502 897 3576 ad
917 3513 1092 3579 aestatem
1109 3528 1233 3578 rursus

150 3608 206 3685 his
225 3609 450 3687 instituendis
465 3634 593 3686 novus
616 3608 663 3684 de
682 3613 824 3714 integro
847 3610 1087 3686 exsudaretur
1107 3609 1233 3704 labor3

47 3784 50 3789 ,
149 3719 371 3822 praesertim
397 3719 427 3794 si
457 3714 512 3793 bis
544 3717 667 3792 eastris
699 3718 739 3791 et
758 3717 962 3821 stipendiis
980 3718 1235 3793 iuramentum

148 3826 443 3928 praestiterimus.
455 3824 623 3899 »Namsic
640 3846 717 3900 non
737 3822 964 3898 differremus
982 3819 1140 3918 bellum,
1169 3821 1236 3898 sed

11 3998 14 4010 ,
149 3940 279 4027 souma
298 3928 389 4010 fines
416 3942 503 4023 mox
515 3930 681 4006 fastuum
697 3932 956 4028 reciperemus.
984 3928 1235 4020 Quamobrem

25 4082 30 4091 -
149 4059 223 4108 aon
250 4035 360 4135 belii,
398 4038 464 4117 set
492 4040 673 4141 temporis·
696 4030 839 4113 ratione
864 4051 1016 4129 mutata,
1045 4036 1235 4143 aggredior
