2708 4568
48 270 51 280 ’
164 293 269 374 ιοιῑ

95 532 97 540 ’
170 509 254 603 riis,
278 505 456 584 caedibus
468 524 505 580 et
530 505 774 627 insultibus,
763 506 876 608 ipsius
896 502 1033 579 domini
1053 507 1170 588 nostri
1186 532 1248 583 re·

167 615 220 718 gis
241 616 440 715 ingressum
459 629 496 686 et
514 628 644 687 statum
662 616 897 713 impugnare,
913 628 1114 686 castrorum
1134 638 1248 687 occu·

152 769 156 778 ·
163 719 393 822 patronibus,
439 717 679 794 confinioium
708 715 991 808 vastationibus,
1014 733 1160 820 piaeter
1189 721 1247 795 ius

164 842 202 900 et
218 824 270 900 fas
289 825 435 900 afficere
459 827 581 898 conati
608 841 711 916 sunt,
738 825 822 897 licet
847 823 1005 897 describi
1022 824 1093 897 late
1109 826 1246 927 possit,

29 1020 31 1027 Ι
151 957 239 1004 ιιοιι
257 930 406 1031 expedit
424 949 561 1023 tamem
589 957 702 1051 quum
722 931 804 1004 luce
824 929 955 1003 clarius
972 946 1057 1002 nota
1077 956 1247 1004 essenon

163 1033 370 1111 duh1temus
388 1038 429 1111 F
434 1038 489 1110 V.
509 1039 721 1135 praesertim
746 1034 823 1126 his,
851 1036 915 1136 qui
934 1059 1019 1109 cum
1038 1037 1119 1139 ipso
1135 1038 1245 1111 Dom.

39 1186 45 1201 »
151 1157 289 1216 nostro
308 1143 410 1244 Rege
437 1143 594 1235 versati,
630 1143 768 1244 patriae
797 1157 940 1215 nostrae
966 1142 1116 1215 vulnera
1139 1168 1245 1263 prae-

158 1264 277 1322 sentes
301 1248 515 1369 palpabant,
545 1249 679 1350 quippe
701 1249 787 1349 ipsis
812 1249 947 1320 nostris
974 1235 1088 1347 aeque
1113 1265 1149 1321 et
1168 1250 1243 1322 suis

89 1349 352 1428 doloribus
380 1371 418 1428 et
442 1379 523 1427 com
555 1358 603 1427 ati
634 1353 827 1428 cordialius
860 1369 896 1426 et
925 1354 1116 1426 consulere
1138 1353 1240 1442 vide·

41 1545 45 1551 ,
123 1455 300 1533 'banton
337 1461 522 1535 Veruml
552 1461 605 1532 uit
625 1485 706 1532 eam
724 1461 799 1531 vim
818 1474 856 1533 et
875 1457 1048 1532 invidiam
1066 1476 1144 1532 tum
1164 1485 1241 1533 ma·

152 1565 206 1666 gis
228 1567 409 1669 patienter
435 1563 551 1658 ferre,
581 1593 623 1640 ac
650 1564 699 1640 ob
724 1581 940 1639 renovatum
948 1581 1238 1689 ,captatumque
1293 1581 1296 1587 '

35 1744 39 1757 ,
152 1669 285 1748 horum
301 1697 514 1794 regnorum,
547 1675 663 1745 nostri
681 1671 850 1745 videlicet
874 1684 911 1742 et
917 1675 1037 1746 vestri
1062 1673 1240 1745 amicitiae

150 1775 281 1853 foedus
301 1780 424 1880 urgeri
442 1804 508 1879 per
533 1802 641 1878 quam
669 1778 787 1879 parati
811 1769 1035 1853 videbamur.
1063 1778 1220 1866 Quin
1185 1802 1240 1849 ιιι·

129 1880 203 1958 Ἰιιι
228 1882 356 1957 debito
382 1899 510 1958 nostro
537 1884 744 1976 decentius,
780 1882 941 1982 nihilque
966 1883 1107 2004 dignius
1142 1882 1239 1957 arbi·

43 2021 45 2027 ·
152 1991 241 2064 trati
268 2016 412 2084 sumus,
450 2016 559 2090 quam
581 2006 624 2064 ut
650 1991 848 2092 quaesitam
876 1989 937 2063 diu
966 1992 1133 2092 utrisque
1148 1989 1239 2065 dile·

151 2097 313 2170 ctionem
334 2094 576 2171 haereditaria
605 2123 626 2169 ι
656 2094 952 2198 progenitoribus
981 2094 1238 2170 benevolentia

152 2199 438 2296 firmaremus,
426 2229 504 2276 imo
523 2219 607 2304 post
628 2201 724 2275 illud
735 2200 833 2274 idem
852 2200 1054 2303 quaesitum
1072 2229 1093 2274 a
1111 2227 1240 2300 paren-

152 2307 250 2382 tibus
271 2334 397 2382 carum
416 2303 567 2401 foedus,
588 2332 666 2381 ιιοιι
689 2306 855 2381 obstante
879 2309 1086 2407 aliquorum
1104 2307 1240 2382 dissen-

153 2413 256 2486 sione
274 2417 433 2516 privata,
461 2414 507 2488 ad
524 2365 567 2487 id
578 2413 704 2488 sedulo
724 2411 876 2487 modum
886 2438 1049 2512 ,opem‚
1069 2438 1240 2536 operam·

154 2544 228 2621 que
255 2521 361 2619 proni
386 2512 625 2641 contulimus,
671 2532 713 2591 ut
744 2544 827 2593 cum
854 2520 1031 2594 aetatibus
1063 2523 1239 2622 temporis

153 2641 279 2697 mutua
296 2651 444 2745 quoque
458 2628 595 2699 vicaria
610 2622 825 2698 succederet
841 2626 1044 2716 allectio,
1034 2643 1084 2700 ιιι
1108 2643 1149 2699 ut
1167 2628 1238 2700 nisi

150 2731 389 2832 ignoratione
406 2747 525 2805 vestra
550 2729 649 2804 abuti
672 2731 882 2826 videamur,
910 2735 1012 2806 iustis
1022 2720 1178 2834 ,dignis
1200 2749 1239 2806 et
1286 2772 1289 2776 ‡

149 2834 248 2911 haud
278 2835 496 2942 disparibus
512 2835 715 2911 honoribus
746 2835 831 2913 hinc
860 2837 945 2913 inde
971 2841 1049 2933 usi,
1083 2865 1236 2941 magna,

153 2942 323 3044 claraque
345 2932 418 3018 lide
442 2962 631 3048 cognatam
657 2945 852 3017 amicitiam
875 2895 1093 3021 teneremits.
1120 2946 1238 3020 Acce·

151 3046 208 3122 dit
224 3047 320 3143 hinc,
338 3049 444 3150 quod
456 3068 493 3125 et
508 3052 802 3154 praenominatus
817 3077 885 3124 rex
893 3067 1027 3130 noster
1046 3069 1083 3126 et
1100 3068 1237 3147 vester,
1315 3045 1319 3052 “

148 3171 278 3258 utpote
304 3156 411 3231 vobis
438 3173 544 3232 natus
574 3174 613 3231 et
641 3156 749 3231 nohis
776 3157 929 3252 datus,
940 3160 1044 3231 inter
1062 3161 1239 3260 pessimos

39 3274 42 3282 ’
148 3263 297 3338 militiae
316 3264 500 3338 exercitus
524 3266 643 3338 nostri
670 3289 857 3338 successus
876 3265 998 3338 omnia
1017 3280 1118 3365 grate
1136 3267 1239 3338 ultro

148 3369 350 3471 accipiens,
378 3370 529 3443 salutem
551 3371 743 3490 propriam
765 3395 837 3491 pro
860 3386 987 3444 nostra
1007 3371 1137 3444 salute
1145 3397 1234 3444 ven·

146 3473 287 3550 tilando
298 3476 523 3596 ,lapsuque
550 3501 638 3568 suo,
666 3477 741 3550 imo
761 3479 884 3578 potius
902 3493 1031 3550 nostro
1049 3502 1133 3550 cum
1152 3502 1237 3569 suo,

144 3593 295 3654 testatus
315 3582 381 3675 sit,
408 3598 543 3684 quantu
569 3581 762 3656 affectione
782 3576 945 3682 pericula
961 3598 1087 3656 nostra
1110 3580 1241 3656 debel-

146 3684 254 3763 landa
273 3689 482 3789 susceperit.
518 3689 604 3778 Quo
633 3686 783 3789 quidem
809 3705 917 3790 pacto
941 3705 1128 3763 tantorum
1146 3713 1238 3791 ope·

144 3817 230 3869 rum
255 3795 473 3916 magnalium
500 3794 649 3899 reliquit
672 3793 875 3898 perfeetum
899 3795 1012 3870 nobis
1039 3797 1237 3896 utrinque,

72 3973 74 3977 .
142 3895 276 3976 intres
295 3901 489 3993 carissimi,
517 3916 555 3975 et
571 3902 706 3977 arctius
725 3917 907 3984 servatum
934 3904 1116 4004 antiquae
1124 3900 1237 3975 bene·

146 4005 328 4083 velentiae
345 4013 495 4098 munus,
512 4025 554 4082 ut
571 4023 610 4082 et
628 4005 806 4110 deinceps
822 4010 942 4085 carius
961 4023 998 4082 et
1016 4032 1081 4111 vos
1096 4007 1236 4113 nostris
