2708 4568
72 240 197 337 u

142 460 201 547 sis
219 472 257 546 in
279 458 407 549 terum
434 498 477 549 sc
497 458 611 548 ddum
644 466 822 569 amicum,
857 464 1233 558 ned'rr'onsincemm

142 600 187 653 sc
207 576 404 678 cordiaJem
421 564 592 679 iretrem',
618 602 775 679 sumque
790 576 897 653 simui
912 600 996 653 cum
1007 575 1132 679 filiis,
1144 606 1231 683 pro·

143 676 260 779 libus,
284 682 460 783 iintribus
474 710 517 761 no
542 678 692 789 singuiis
710 685 868 785 posteris
886 678 1079 779 eiusdem,¹
1093 699 1232 762 utnon

142 782 272 885 fictos,
293 776 360 869 ssd
379 792 584 869 verissimos
596 782 855 886 „indubitatos
875 804 913 865 et
932 786 1125 894 adoptatos
1142 793 1230 868 smi-

56 892 60 907 “
142 920 207 971 eos
231 913 278 997 ct,
293 894 425 975 fratres
449 898 672 993 carissimos,
707 898 784 979 sine
806 895 893 971 doto
920 913 957 995 et
981 894 1113 973 iraude‘
1128 914 1257 989 tene,

142 998 281 1096 bimus,
316 1003 516 1079 amabimus
544 1021 582 1077 et
604 1004 815 1107 diligemus,
849 1003 918 1105 ipsi
936 1000 1047 1097 etism
1064 1005 1228 1099 Domino

142 1104 338 1205 Pancratio
362 1112 402 1183 in
426 1111 567 1187 cunctis
588 1126 625 1185 et
643 1109 787 1210 singulis
804 1107 1060 1211 beneplacitis,
1082 1111 1229 1204 ,scilieet

142 1215 421 1307 necessitatibus
440 1218 518 1311 eius
535 1231 573 1291 et
593 1212 801 1307 eventibus,
827 1218 1013 1317 prosperis
1034 1218 1172 1318 pariter
1190 1233 1229 1292 et

143 1320 321 1413 adversis,
357 1321 534 1423 aquibus
550 1323 650 1397 Deus
678 1317 962 1422 ¹coeli-dignetur
987 1330 1225 1423 persensere,

143 1430 235 1503 totis
256 1429 412 1520 viribus,
437 1430 585 1520 virtute,
607 1423 1084 1518 facuitstibus,=thssnunis‚·
1100 1426 1226 1503 hume·

144 1535 259 1613 nitate
279 1551 319 1609 et
335 1535 481 1636 singulis
501 1532 607 1607 bonis
625 1534 776 1624 nostris,
796 1558 909 1633 quae,
934 1533 1225 1609 dante..Domino

144 1640 341 1739 virtutum,
372 1639 597 1741 possidemus
620 1637 870 1731 astruemus,
891 1638 995 1715 etad
1015 1666 1113 1715 nune
1131 1669 1225 1743 quo-

147 1770 220 1848 que
243 1744 458 1821 habebimus
476 1763 513 1819 et
534 1745 738 1848 possessuri
756 1770 877 1819 sumus
900 1762 939 1821 et
954 1746 1112 1841 erimus,
1131 1762 1224 1821 tem·

139 1851 295 1956 poribus
321 1852 534 1929 successivis
554 1876 697 1953 semper
722 1867 760 1926 et
784 1876 852 1951 pro
879 1850 1013 1926 futuris
1038 1852 1111 1939 sibi
1131 1856 1222 1955 ,qm

138 1957 224 2033 dem
250 1975 288 2033 et
315 1960 388 2034 suis
413 1958 535 2051 titiis„
554 1956 746 2058 prolibus,
783 1957 956 2033 fratribus
980 1973 1020 2031 et
1046 1962 1220 2063 posteris,

137 2088 207 2141 nos
224 2091 267 2141 ae
284 2066 401 2141 nostri
417 2063 497 2158 filii,
522 2065 657 2169 proies,
681 2063 813 2139 fratres
833 2080 870 2139 et
885 2063 1028 2170 posteri
1045 2066 1219 2160 universi,

137 2173 193 2244 uti
216 2168 341 2246 fideles
355 2172 468 2246 amici
498 2187 537 2246 et
554 2168 682 2253 fratres
706 2197 781 2245 non
800 2167 898 2264 ficti,
918 2167 1218 2267 ,sed·cordiaies,

137 2293 275 2365 contra,
285 2303 525 2381 quoscunque
547 2275 707 2353 aemulos
729 2293 774 2353 et,
783 2272 1012 2377 adversarios.
1028 2274 1101 2351 sibi
1130 2305 1217 2356 con·

136 2374 347 2477 trariant'es,
380 2384 595 2460 resultantes
629 2397 667 2457 et
692 2378 923 2459 adversantes
950 2383 1154 2483 assistemus
1180 2402 1220 2481 et

48 2569 52 2576 ,
136 2484 378 2583 adstabimus,
415 2514 633 2595 amoreque,
654 2484 806 2581 favore,
823 2482 1072 2583 fraternitate,
1095 2488 1218 2568 amiei-

135 2594 206 2702 tia,
228 2594 453 2697 patrocinio,
475 2595 609 2676 auxilio
627 2608 665 2666 et
683 2594 848 2696 singuiis,
883 2620 978 2697 quae
996 2582 1093 2672 iliius
1109 2590 1217 2673 nutui

134 2700 268 2809 piacita
288 2702 444 2796 scimus,
472 2719 510 2776 et
531 2715 682 2802 accepta
699 2696 878 2775 aderimus
893 2708 940 2773 'e't
959 2708 1217 2827 occurremus,

117 2807 259 2893 ,amicis
281 2808 419 2913 ‹prippe¹
437 2811 565 2884 suiset
588 2831 739 2913 suorum
758 2807 880 2901 amici5
911 2804 981 2913 'sed
1008 2806 1219 2911 etinimicis

134 2914 210 2988 eius
233 2938 276 2989 ac
295 2940 444 2989 suorum
468 2912 644 2989 universis
668 2914 800 2987 erimus
817 2939 886 3015 pro
905 2937 1052 3017 semper
1069 2910 1217 3015 inimici.

133 3020 252 3111 Quam
275 3019 424 3125 quidem
445 3018 708 3096 fraternitatem
731 3035 768 3094 et
791 3018 984 3092 amicitiam
1003 3018 1104 3095 bons
1120 3020 1217 3116 fide,

133 3128 277 3203 sincera
299 3128 467 3219 caritate,
483 3210 492 3221 ,.
504 3124 619 3216 libera
644 3142 766 3200 mente
784 3141 821 3199 et
839 3122 1043 3226 voluntate,
1054 3132 1057 3137 '
1070 3126 1217 3203 cordia·

86 3228 88 3233 ’
131 3230 214 3307 liter
239 3234 318 3309 iure
343 3232 498 3311 iurando
523 3229 722 3323 firmatam,
749 3249 902 3335 propter
919 3234 1129 3337 quempiam
1146 3232 1216 3313 ho·

130 3340 267 3439 minem
284 3337 409 3415 mundi
429 3356 491 3412 aut
508 3336 678 3441 praebito
696 3334 849 3412 donario
866 3339 941 3412 sive
959 3350 1110 3416 munere
1128 3340 1216 3419 aii'e·

130 3442 250 3537 o'tiro,
283 3470 359 3521 non
394 3443 441 3518 sd
470 3468 773 3549 quorumcunque
798 3443 987 3519 instinctus
1016 3461 1055 3519 et
1087 3472 1215 3553 sugge-

128 3542 286 3642 stiones,
323 3550 425 3627 nuilo
451 3574 612 3652 unquam
635 3563 801 3652 tempore
828 3546 1053 3645 deseremus,
1089 3579 1214 3659 neque

127 3652 364 3751 ,violabimum
402 3658 474 3731 vita
498 3671 626 3729 nostra
651 3680 789 3757 suaque
817 3655 1057 3757 perdurante,
1086 3674 1125 3733 et
1142 3684 1217 3735 nec

58 3807 64 3818 -
129 3780 195 3859 per
213 3757 327 3854 filios,
360 3760 481 3867 proles
507 3776 543 3835 et
562 3775 728 3864 posteros
754 3777 896 3837 nostros
921 3756 1113 3839 terminata
1137 3766 1214 3839 viu

127 3878 254 3937 *nostra
282 3867 473 3971 temporali
495 3868 672 3961 sinemus;
714 3892 832 3970 neque
859 3869 1111 3974 permittemus
1140 3870 1213 3953 dis·

24 3978 27 3985 ’
128 3963 277 4052 solvier
293 3966 495 4075 disrumpi,
523 3971 577 4047 rei
600 3998 667 4076 per
686 3997 939 4081 quemcunque
958 3972 1111 4053 modum
1132 4000 1212 4055 vso·
