2708 4568
1102 326 1148 397 ld

61 536 188 631 nobis,
208 534 253 610 'in
273 532 537 638 sempiternum
556 530 764 635 possidete,
788 550 934 627 tenare,
956 535 1095 639 puriter
1110 550 1151 610 et

62 636 217 741 tabere}
260 641 408 717 nullum
431 641 510 731 ius,
543 640 725 714 nullamve
749 642 837 717 iuris
866 644 1149 743 proprietatem,

65 750 211 857 quidet
228 774 342 853 quom
362 749 402 821 in
420 743 557 820 eisdem
585 762 726 840 cosmo,
757 738 924 850 oppidis,
942 749 1149 850 possessio·
1307 824 1312 832 ,

67 858 194 952 nibus,
232 855 328 948 sillia
351 878 395 929 ac
425 851 655 927 districtibus
683 868 723 928 et
746 880 874 929 aarum
915 854 1146 956 pertinentiis

18 1020 23 1061 ,
67 960 269 1039 otmunt
284 957 534 1049 etlrsbereut,
563 984 606 1032 re
622 960 891 1063 quoquomodo
908 958 1042 1037 habere
1065 987 1147 1062 spa·

18 1068 22 1099 ³
69 1088 205 1164 terent,
229 1068 378 1175 penitam
393 1082 431 1140 et
449 1090 519 1168 per
541 1069 664 1140 omnia
680 1069 721 1140 in
747 1071 846 1168 ipsos
862 1068 1042 1142 loannem
1062 1069 1146 1143 vai·

22 1256 25 1261 ,
69 1176 191 1253 rodam
218 1198 262 1249 au
276 1172 485 1250 Ludislsum
512 1188 550 1246 et
564 1171 738 1247 Mathiam
764 1173 856 1248 lilios
873 1171 1054 1265 eiusdem,
1077 1199 1148 1251 nec

69 1310 133 1360 uon
158 1297 315 1377 cunctos
332 1284 498 1384 ipsorum
517 1275 709 1368 haeredes,
739 1282 777 1352 in
802 1278 956 1383 pacilius
978 1276 1145 1355 dominio

69 1388 328 1494 pmediutontm
354 1387 461 1460 cisni
477 1384 700 1488 ·Viligosvir
730 1412 773 1461 ac
796 1384 1037 1490 oppidorum,
1060 1412 1145 1489 pos·

31 1538 34 1543 ·
69 1490 286 1588 sessionum,
310 1493 520 1584 'villu-um,
557 1493 791 1568 districtuum
823 1513 864 1569 et
896 1493 1145 1596 quarumlibet

69 1604 257 1677 utilitatum
280 1625 324 1676 ac
337 1599 638 1704 pertinentiarum
654 1599 872 1675 eammdetn
890 1616 1022 1677 contra
1037 1626 1145 1703 quos·

70 1709 148 1783 liltet
168 1708 416 1811 impetitores,
438 1703 846 1800 musidicus,'·sctores,
865 1708 960 1781 intra
978 1732 1024 1781 ex
1040 1724 1144 1782 exuo

27 1906 31 1915 Ι
70 1814 235 1892 iudicium
260 1814 598 1918 proteget-mmcd
617 1828 655 1886 et
682 1813 873 1906 defensare
895 1812 1058 1917 propriis
1079 1840 1144 1891 eo-

27 1924 30 1935 '
68 1948 138 1997 rum
158 1919 349 1996 laboribus
367 1936 406 1993 et
424 1921 607 2022 expensis
642 1920 686 1992 ln
707 1922 813 1996 cuim
834 1921 891 1995 rei
910 1921 1142 2023 memprism,

66 2027 335 2129 firmitatemque
352 2043 589 2128 perpetuam,
616 2042 825 2127 praesentes
845 2028 982 2101 litteras
1002 2045 1146 2103 nostras

65 2134 293 2239 privilegiatos
303 2130 503 2235 ¹pendentis
521 2134 628 2234 sigilli
649 2134 768 2207 nostri
785 2133 1007 2236 appensione
1024 2133 1142 2207 robo-

64 2259 145 2319 ratas
163 2239 336 2316 duximus
359 2237 621 2325 concedendas.
660 2240 796 2314 Datum
822 2265 890 2345 per
917 2262 1045 2311 manus
1061 2238 1142 2313 Ma·

10 2346 32 2451 i
64 2350 152 2451 gistri
181 2347 334 2452 Georgii
354 2346 526 2420 -Lectoris
547 2364 583 2421 et
601 2348 852 2422 concanonici
879 2345 1025 2437 nostri,
1046 2341 1139 2419 feria

29 2456 33 2471 '
62 2471 149 2528 texta
169 2457 341 2559 proxima
360 2467 445 2554 post
461 2451 592 2527 festum
612 2453 828 2528 visitationis
847 2452 1038 2528 BzMariae
1055 2450 1140 2525 Vir·

80 2562 88 2577 ’
114 2563 142 2637 is
161 2587 259 2635 anno
278 2560 428 2634 Domini
448 2559 643 2636 Millesimo
668 2559 1026 2664 quadringentesimo
1050 2584 1139 2660 qua-

139 2670 254 2744 esimo
285 2665 440 2770 quarto,
468 2667 717 2769 praesentibus
742 2666 881 2743 ibidem
891 2648 1139 2741 ‘honorabili-

56 2770 117 2848 ltus
145 2775 314 2850 Dominis
339 2770 476 2848 Mathia
507 2773 692 2870 Gantore,
731 2771 920 2878 Stephano
950 2772 1138 2867 Custode,
1246 2755 1256 2785 ⁸

56 2880 236 2987 Magistrit
263 2876 430 2954 Joltunne
455 2877 504 2980 de
522 2879 691 2973 Zechen,
721 2877 888 2965 Bernaba
907 2877 1078 2954 Ladislao
1100 2895 1139 2955 et

52 2987 211 3064 Martius
219 3014 232 3078 ,
269 2988 495 3091 caeterisque
510 2987 722 3076 Canonicis,
753 2982 929 3058 fratribus
948 2987 1083 3060 nostris
1099 2987 1138 3059 in

23 3124 26 3131 ·
52 3095 118 3169 Dei
134 3093 300 3170 Ecclesia
316 3095 395 3199 regi
410 3094 632 3198 sempiterno
652 3092 782 3195 iugiter
801 3088 1068 3166 famulantibus

89 3231 205 3302 ibidem
221 3232 280 3301 Ns·
296 3236 345 3304 Ν·
1009 3236 1012 3241 ’

10 3494 13 3557 t
308 3526 312 3533 -
535 3438 636 3515 m·
776 3522 780 3527 -
1186 3526 1195 3537 .
1274 3534 1280 3541 ,

10 3566 12 3591 ³
47 3580 133 3647 Idan
150 3577 298 3644 Vaooda
306 3582 415 3662 partis
430 3581 523 3664 regni
535 3581 727 3665 Huugarim
746 3576 960 3654 Gubernator,
975 3575 1139 3636 sinistrum

136 3685 259 3767 praelii
272 3668 320 3744 ad
334 3686 479 3773 Varnam
496 3685 612 3744 exitum
628 3685 770 3744 iminuot
786 3680 929 3763 Eugenio
944 3678 1005 3767 IV.
1023 3680 1085 3739 1²1³.
1099 3698 1139 3740 ac

140 3781 285 3849 subsidia
298 3766 445 3865 apersit.
466 3784 530 3847 Aa.
548 3775 642 3849 ttts.
975 3776 980 3781 ’
1017 3778 1020 3785 ’

137 3926 355 4003 Beatimime
376 3927 485 4001 Pater
507 3949 550 3997 ac
575 3923 809 3998 Sanctiuime
826 3921 997 3996 Domine·
1035 3921 1139 3995 Post·

42 4060 152 4138 quam
173 4035 213 4110 in
232 4030 345 4111 rebus
366 4029 421 4107 his
439 4029 579 4107 versari
598 4030 718 4130 coepi,
739 4053 829 4132 quas
846 4025 1040 4103 adversum
1053 4023 1139 4103 fidei
