2708 4568
1063 250 1067 261 ⁶
1091 300 1167 370 aar

78 523 188 600 quam
203 494 715 606 pertinaciorem'contulisse.
742 497 920 601 Equidem
935 475 1053 578 XVII.
1074 505 1163 583 Oet,

78 630 206 679 coram
231 602 326 701 facie
352 600 510 676 hostium
539 617 652 676 castra
684 608 809 690 metati
834 632 978 702 sumus,
1015 614 1164 712 praelii,
1285 636 1289 642 ·

79 710 294 810 caedisque,
316 709 491 811 principia
517 710 605 781 inita
626 705 771 783 demum
789 709 920 805 altera,
949 741 1042 816 quae
1061 736 1163 794 sexta

66 816 170 892 ,feria
188 814 271 890 fuit.
300 818 423 889 Primo
444 839 550 887 mane
570 812 717 889 ordines
736 815 878 909 educti,
906 822 1069 923 iustaque
1086 828 1163 902 acie

79 925 179 1025 signa
202 923 342 996 collata.
383 921 493 996 Stetit
520 946 564 994 eo
590 937 670 994 toto
697 920 755 993 die
774 939 985 1000 nostrorum
1006 933 1163 1008 invictus

79 1032 232 1120 animus,
253 1031 369 1102 minus
386 1025 530 1119 cedens,
553 1054 628 1129 quo
649 1025 868 1102 caedebatur
887 1029 1026 1110 durius.
1047 1037 1163 1112 Multa

80 1137 179 1211 clara
205 1134 333 1208 funera
356 1133 440 1207 hinc
461 1132 546 1207 inde
566 1132 683 1226 edita,
713 1150 859 1235 tamque
885 1138 999 1213 solida
1020 1158 1055 1215 et
1075 1169 1162 1217 con·

79 1254 178 1318 stans
200 1268 322 1344 pugna
349 1239 436 1331 fuit,
465 1257 506 1312 ut
526 1241 653 1312 maiori
680 1243 878 1341 pertinacia
898 1270 1008 1343 quam
1026 1249 1063 1320 vi
1086 1248 1163 1323 bel-

78 1349 156 1423 lum
178 1347 321 1421 fervere
340 1343 542 1441 videbatur.
572 1347 825 1447 Nemousque
846 1348 893 1421 ad
915 1351 1081 1427 tenebras
1103 1371 1162 1430 re'·

80 1456 207 1555 ceptui
228 1455 377 1543 cecinit,
405 1478 482 1525 nox
496 1454 572 1554 ipsa
590 1478 742 1555 sequens
758 1453 920 1530 furorem
936 1475 973 1530 et
991 1487 1089 1535 arma
1105 1460 1160 1535 di·

79 1563 207 1651 remit,
244 1560 310 1632 nbi
327 1577 364 1633 et
382 1561 411 1632 si
433 1585 628 1663 parumper
646 1558 849 1634 resederint
865 1565 978 1658 acies,
997 1558 1160 1670 vingeniis

79 1683 199 1740 tamen
220 1682 256 1740 et
277 1663 451 1739 machinis
478 1681 553 1739 tota
574 1683 682 1740 nocte
703 1683 879 1740 certatum
896 1668 975 1743 suit.
1003 1671 1160 1758 Exhinc

79 1771 260 1848 Sabbathi
274 1772 522 1873 subsequente
542 1769 600 1845 die
613 1774 754 1846 viterum
776 1788 813 1847 et
831 1800 946 1877 usque
968 1778 1013 1850 ad
1028 1777 1160 1854 boram

78 1883 223 1954 sextam
236 1894 425 1981 protracto
450 1881 666 1970 certamine,
693 1878 839 1951 tandem
858 1883 1045 1985 armigeri,
1074 1912 1177 1990 ρον-Ι,

78 1983 288 2085 duellesque
308 1985 444 2076 nostri,
487 2000 617 2088 utpote
639 1986 747 2085 longo
770 2006 954 2087 armorum
973 1991 1157 2090 pondere,

76 2091 326 2193 longiorisque
345 2091 469 2192 praelii
493 2088 642 2184 toedio,
662 2093 750 2163 item
769 2089 979 2169 vulneribus
993 2085 1159 2171 'confecti

77 2209 188 2299 atque
215 2196 338 2271 obruti
366 2199 602 2298 repulerunt,
639 2196 754 2298 gloria
782 2213 818 2270 et
838 2223 922 2271 area
941 2198 1030 2274 belli
1046 2225 1159 2303 penes

76 2300 197 2378 hostes
216 2299 567 2405 remanente,quam
588 2300 739 2405 quidem
751 2326 818 2378 nos
837 2330 1020 2380 armorum
1037 2300 1158 2410 potius
1251 2328 1257 2339 ’

75 2436 187 2511 quam
208 2412 412 2484 animorum
433 2406 838 2510 defectuperdidimus,
865 2413 935 2515 ipsi
954 2439 1044 2487 vero
1064 2413 1158 2487 mul·
1237 2450 1241 2456 ·

76 2515 233 2590 timdine
245 2534 290 2589 'et
309 2538 419 2617 super
438 2513 527 2590 baec
547 2518 667 2589 omnia
688 2523 924 2617 peccatorum
947 2537 1158 2596 nostrorum

75 2624 222 2715 merito,
245 2618 522 2725 acquisiverunt.
547 2622 588 2697 Si
606 2624 698 2696 laeta
718 2623 777 2697 rel
796 2625 984 2701 incruenta
1005 2630 1158 2704 victoria

73 2728 208 2822 fuerit,
245 2731 295 2804 eis
325 2727 558 2803 iudicandum
584 2730 843 2828 relinquimus,
880 2734 987 2806 nobis
1022 2734 1159 2810 sufficit

72 2853 266 2935 supernam
293 2833 645 2924 animadversionem
674 2834 722 2909 ad
746 2836 992 2912 eruditionem
1014 2844 1183 2942 potius,
1277 2936 1301 2947 ἡ,

74 2967 188 3042 quam
215 2939 263 3013 ad
291 2941 577 3016 internecionem
608 2944 848 3040 interpretari.
888 2945 1079 3020 Caeterum
1110 2942 1159 3020 de

42 3054 229 3148 ‘persona
256 3066 399 3138 nostra,
434 3049 465 3120 si
484 3048 629 3150 gloriari
647 3062 793 3145 oportet
820 3070 946 3121 coram
966 3065 1022 3144 te,
1053 3068 1156 3125 recte

74 3156 113 3226 in
133 3152 415 3244 infirmitatibus,
432 3151 731 3254 passionibusque
749 3153 884 3225 nostris
905 3153 1157 3255 gloriabimur,
1232 3209 1234 3213 -

74 3256 243 3333 hostilem
261 3280 476 3361 pressuram,
497 3259 740 3361 captivitatem
757 3272 794 3330 et
812 3274 973 3333 caeteras
992 3261 1158 3335 fortunas

73 3362 220 3438 abunde
240 3355 401 3467 experti,
426 3365 493 3440 sed
511 3367 612 3439 iuvat
631 3366 727 3456 inter
748 3361 855 3456 baec,
875 3364 987 3466 quod
1007 3394 1083 3440 non
1104 3368 1156 3470 ig·
1197 3449 1202 3458 ,

72 3496 168 3543 navo
190 3489 341 3571 quaestu
363 3473 455 3576 passi
471 3496 613 3563 sumus,
635 3468 758 3544 sedin
776 3473 1006 3574 ronegario,
1027 3489 1156 3576 utpote
1268 3497 1271 3505 ’

73 3573 181 3668 fidei,
208 3580 339 3680 inquo
357 3603 425 3650 nec
446 3581 574 3670 armis,
595 3575 662 3652 sed
681 3602 751 3649 nec
771 3577 883 3650 morti
903 3574 1032 3651 cedere
1050 3576 1159 3654 desti·

72 3699 199 3755 natum
215 3700 311 3778 erat,
339 3681 401 3758 ubi
422 3708 506 3760 cum
523 3682 640 3757 adhuc
658 3680 756 3757 idem
775 3671 895 3772 exstet
909 3684 1069 3787 animm,
1095 3713 1161 3788 po-

72 3786 311 3880 terithabere
329 3807 366 3863 et
382 3792 457 3891 ipsa
474 3789 623 3861 fortuna
637 3813 851 3888 regressum.
880 3789 936 3860 Ex
953 3791 1159 3866 Turcorum

11 3892 15 3901 ’
73 3890 219 3969 deinde.
233 3895 401 3970 manibus
418 3895 561 3995 erepti,
580 3893 688 3997 apud
709 3897 916 3996 Despotum
940 3895 1091 3970 Rasciae
1109 3897 1156 3982 ad

73 3996 141 4075 bos
166 4025 282 4105 usque
309 4000 386 4076 dies
407 4000 623 4090 restitimus,
655 4012 757 4099 tanto
785 3995 955 4078 uidelicet
976 4017 1154 4105 tempore,
1211 4052 1213 4057 -
