2708 4568
94 280 370 396 ‘2²⁰⁶‘

82 488 84 493 ⁴
203 500 268 560 eto
280 484 429 560 Joannis
441 482 593 560 Gisirae
606 480 826 586 requirimus
847 497 882 562 et
903 487 1058 589 petimus
1076 499 1175 561 tunm
1198 482 1289 560 nde

203 593 362 684 iitatem,
397 606 438 664 ut
457 588 595 666 sactum
616 591 735 692 ipsum
754 591 1075 694 itaproseqoaris,
1097 590 1284 667 sicuttibi

83 772 86 781 ,
201 710 271 801 per
300 696 445 780 fidelem
468 712 634 770 nostrum
661 695 839 770 Joannem
862 698 987 772 Lemel
1018 699 1288 788 intimavimus-,-

203 808 259 879 ita'
278 818 316 877 et
336 803 476 894 taliter,
513 816 554 874 ut
572 799 679 891 nobis
700 811 740 875 'et
762 802 836 903 'ipsi
854 811 966 905 regno
985 804 1194 908 ‘Hungariae
1218 799 1288 874 da?

159 956 162 964 ·
202 922 287 984 mna
313 924 352 982 et
369 905 611 982 'incommoda
639 904 728 979 no'n
742 909 919 991 eveniant,
954 909 1072 984 Etiam
1094 934 1148 984 ex
1177 923 1281 1011 purte

204 1016 315 1121 ipsius
333 1014 606 1088 Nankenreuter
632 1009 779 1087 videtur
796 1011 989 1087 Serenitati
1011 1014 1178 1108 nostrae‚'
1191 1018 1281 1115 'ipso

203 1146 317 1224 regno
347 1135 474 1193 nostro
498 1116 701 1221 Hungsriae
736 1117 856 1190 eidem
883 1118 978 1192 bene
1007 1122 1123 1195 resisti
1137 1136 1281 1224 posse,

202 1254 289 1303 eum
317 1216 393 1326 ipse
411 1224 686 1306 Nanitenieoter
713 1248 790 1295 non
821 1223 946 1327 plures
979 1228 1016 1299 in
1036 1227 1220 1328 equitibus
1243 1240 1282 1319 et

203 1327 497 1436 expeditionibus
525 1325 675 1420 habeat,
717 1352 828 1428 quium
854 1331 953 1404 XVI.
980 1331 1033 1406 M.
1063 1330 1280 1419 secundum,

205 1436 312 1541 quod·
324 1435 508 1511 Serenitas
530 1446 655 1506 nostra
681 1435 802 1507 existit
822 1433 1042 1530 informata,v
1061 1451 1102 1535 et
1123 1440 1160 1511 in
1179 1436 1221 1510 ea
1240 1463 1282 1510 re

206 1557 335 1646 optans
356 1561 378 1614 'a
405 1555 467 1613 tna
485 1535 679 1628 fidelitate,
716 1538 818 1642 quod
834 1556 889 1614 tu
909 1567 994 1615 cum
1020 1559 1097 1616 tota
1115 1560 1177 1616 tna
1197 1541 1281 1616 dili·

203 1648 387 1752 gentiano
408 1660 486 1720 tota
503 1661 540 1717 et
560 1644 670 1740 totius
690 1644 840 1746 praefati
859 1649 960 1749 regni
980 1649 1098 1722 nostri
1117 1649 1282 1752 potentia

153 1843 155 1849 .
204 1753 243 1833 id
257 1754 394 1846 ⁴facias,
420 1776 498 1854 quo
522 1748 704 1825 mediante
725 1751 837 1853 ipsius
857 1753 1133 1840 Nankenreuter
1149 1755 1281 1828 volun·

205 1878 258 1934 tas
280 1877 317 1936 et
338 1856 537 1959 malignitas
566 1855 690 1930 subito
709 1857 988 1960 intercipiatur,·
1010 1860 1085 1933 imo
1105 1862 1280 1964 reprima-

203 1982 286 2058 tur,
317 1968 487 2067 quoniam
514 1963 551 2056 in
581 1963 865 2064 praesentiarum
890 1979 963 2037 tam
983 1963 1106 2040 arduis
1126 1967 1281 2068 negotiis
1340 2008 1343 2012 ·

205 2072 306 2176 regni
335 2071 452 2146 nostri
476 2066 665 2142 Bohemise
687 2086 722 2140 et
743 2085 972 2144 caeterorum
991 2070 1201 2171 nostrorum
1221 2096 1280 2145 re·

24 2208 25 2211 ’
99 2224 102 2228 <
203 2203 362 2280 gnosum
392 2176 442 2248 ita
472 2172 674 2275 praepediti
702 2190 739 2246 et
765 2173 1014 2274 multipliciter
1036 2173 1204 2281 occupati
1222 2196 1281 2250 su*

204 2309 305 2377 mus,
337 2279 439 2384 qnod
460 2281 506 2354 de
531 2281 604 2353 istis
626 2280 745 2381 regnis
768 2283 902 2354 nostris
921 2296 958 2355 et
970 2278 1105 2356 abinde
1128 2300 1200 2382 tani
1221 2308 1281 2356 su·

203 2388 283 2485 bito
314 2402 476 2463 nostram
506 2387 640 2486 regiam
661 2382 817 2457 adiicere
847 2412 921 2460 non
939 2404 1128 2488 possumus
1148 2388 1281 2462 defen·

200 2497 364 2587 sionem,
388 2492 453 2564 ubi
480 2487 598 2564 autern
619 2491 749 2589 aliquis
772 2491 863 2565 alter
882 2490 1018 2566 fortior
1035 2509 1071 2567 et
1091 2495 1281 2598 potentior

181 2597 327 2674 'secum
346 2622 418 2700 pro
446 2596 556 2697 ipsius
581 2593 839 2669 fortificatione
866 2598 1034 2701 ingerere
1058 2614 1097 2683 'et
1116 2603 1281 2704 interpo-

196 2730 293 2780 nere
309 2702 439 2799 reiiet,
461 2717 594 2795 extunc
611 2725 733 2774 sumus
749 2703 899 2777 omnino
917 2705 1111 2778 volontarii
1128 2731 1199 2809 pro
1219 2704 1288 2783 de-.

202 2809 277 2884 bita
295 2809 496 2883 resistentia
512 2803 687 2900 facienda,
704 2821 874 2911 tanquam
894 2834 960 2883 rex
978 2811 1194 2914 Hungnriae,
1214 2811 1281 2913 qui

127 2957 131 2964 ·
203 2927 276 2990 non
289 2913 445 2989 libenter
463 2912 686 3013 temporibus
707 2914 777 2987 suis
794 2912 1075 2992 destructionem
1085 2933 1123 2991 et
1140 2919 1288 2991 incom·'

203 3019 311 3097 moda
337 3021 447 3122 ipsius
473 3021 576 3122 regni
602 3020 734 3122 intueri
762 3020 880 3093 veliet.
910 3021 984 3097 Vbi
1009 3039 1130 3097 nutem
1150 3022 1280 3098 scribis

203 3128 249 3205 de
267 3128 416 3229 negotio
439 3128 532 3198 inter
552 3123 739 3197 dominum
762 3141 927 3200 nostrum
947 3129 1185 3222 avunculum,
1212 3127 1280 3202 do-

202 3235 340 3308 minum
371 3233 632 3334 Imperatorem
662 3231 1008 3324 Romanorum‚‘ad
1030 3256 1101 3308 nos
1129 3233 1277 3325 habito,

200 3341 418 3444 requirimus
436 3334 647 3408 fidelitatem
669 3352 779 3429 tuam,
801 3352 842 3410 ut
863 3364 946 3412 cum
961 3339 1141 3414 Pruelutis¹
1154 3356 1191 3423 et
1205 3339 1279 3414 Ba·-

64 3454 69 3466 '
90 3475 93 3479 ¹
192 3444 355 3521 renibus
366 3458 403 3517 et
413 3440 602 3543 regnicolis
622 3443 736 3514 nostri
756 3445 1085 3548 regniHungnriae‚
1108 3472 1150 3519 ac
1169 3447 1278 3519 etiam

202 3550 419 3650 consiliariis
444 3540 600 3625 durans·
625 3548 740 3624 nostri
767 3550 939 3624 Austrian
956 3552 1115 3654 cogites,
1147 3552 1279 3654 provi·

79 3651 83 3660 '
117 3658 119 3662 ’
201 3655 284 3731 deas
305 3674 513 3755 et‘quoqoe
535 3653 734 3752 concipias,
771 3655 927 3757 qualiter
945 3658 1064 3759 ipsum
1084 3657 1279 3760 negocium

130 3838 133 3847 ,
199 3763 235 3835 in
258 3761 397 3837 bonum
410 3758 517 3834 finem
538 3772 575 3830 et
596 3761 755 3859 quietem
771 3759 888 3836 sedan
909 3777 946 3836 et
964 3762 1127 3864 dissipari
1146 3763 1276 3839 valeat.

198 3868 390 3942 Praeterea
409 3889 455 3940 ex
474 3860 576 3968 parte
595 3860 739 3939 iliorum
754 3867 864 3941 trium
882 3868 1035 3945 mittium
1052 3868 1279 3944 florenorum

117 4070 121 4075 Ι
195 3974 296 4067 aori,
333 3996 404 4075 pro
431 3969 666 4072 expeditione
696 3970 831 4047 itineris
856 3989 892 4047 et
913 3977 1145 4078 negotiorum
1168 3973 1278 4054 Sors·
