2708 4568
1028 365 1035 377 ,
1081 282 1156 365 aaa

71 503 221 581 tamin
241 499 394 609 beregb,
410 501 571 604 Nempti,
594 492 776 600 Zatbmatl
792 514 830 575 at
847 495 1101 599 Auonpantn
1120 496 1159 570 iu

71 606 360 709 Zatlrmariensi,
386 607 599 695 Debreczen
620 624 658 682 et
677 610 874 683 Bezermeu
897 605 935 677 in
956 601 1160 679 Riboriensi

74 715 322 805 comitatibus
347 714 572 807 adiacentes,
596 740 709 809 ,nunc
737 739 824 815 erga
850 736 979 787 manus
1004 705 1159 811 praefati

72 824 183 899 Dom.
202 823 351 901 loannis
370 817 634 897 Gubernatoris
651 835 689 893 et
706 816 866 893 filiorum
887 841 1037 892 suorum
1057 827 1159 889 certa

73 946 113 1005 et
131 926 341 1001 rationabili
367 953 413 1005 ex
433 918 539 999 causa
557 922 712 999 habitae¹
725 940 763 998 et
787 924 992 1013 existentes,
1016 936 1160 1026 praete·

74 1060 140 1109 rea
158 1033 344 1135 lepum,
361 1030 716 1124 Zarazentdemeter,
736 1027 978 1123 Zalaulremen
996 1045 1033 1103 et
1051 1027 1159 1103 Zem-

73 1141 136 1215 len
165 1142 204 1212 in
223 1136 430 1227 Sirmiensi,
457 1134 574 1211 Beebe
591 1153 629 1210 et
646 1132 920 1235 Becbelaerelry,
943 1134 981 1207 iu
995 1131 1041 1206 de
1059 1129 1160 1205 Tho-

74 1243 235 1337 rontbal,
255 1242 474 1342 Erdsomlya
496 1244 532 1314 in
555 1241 600 1317 de
621 1239 772 1335 Krassb,
793 1265 861 1315 nec
879 1264 957 1314 non
977 1235 1160 1338 Wiligos·

74 1349 154 1429 wir
172 1353 211 1426 in
232 1347 277 1424 de
293 1349 437 1425 Zaraud
452 1347 693 1444 Comitatibus
716 1346 919 1422 adiacentes
941 1360 978 1419 et
998 1342 1158 1444 habitae,

78 1482 166 1554 cum
189 1455 357 1534 omnibus
375 1451 684 1557 possessionibus,
711 1448 949 1558 portionibus
965 1450 1161 1557 possessio·¹

16 1608 19 1613 -
77 1565 247 1637 uariis-et
266 1561 420 1665 praediis
442 1560 489 1634 ad
506 1562 589 1664 ipsa
598 1576 636 1636 et
654 1561 797 1635 easdem
811 1561 1019 1663 spectantia,
1031 1574 1068 1632 et
1076 1582 1160 1659 per·
1175 1595 1179 1602 ·

76 1670 195 1743 tinere
215 1666 419 1769 debentia,
436 1693 505 1743 nec
522 1693 599 1741 non
618 1667 764 1741 tribulis
785 1664 944 1743 ubilibet·
964 1667 1002 1737 in
1021 1661 1161 1737 eisdem

79 1775 177 1879 exigi
197 1776 402 1867 consuetis,
430 1791 466 1848 et
483 1773 861 1876 generaliter-eunctis
879 1796 1005 1846 earum
1025 1769 1160 1845 utilita-

80 1880 198 1979 tibus,
230 1880 534 1982 qualitercunque
561 1879 771 1983 appellatis,
805 1879 845 1951 in
864 1876 920 1951 ius
938 1892 976 1951 et
993 1875 1160 1980 proprie·

79 2002 191 2076 tatem
214 2003 426 2089 perpetuam
444 1984 590 2061 antefati
605 1984 756 2077 Domini
769 1984 918 2058 loannis
930 1979 981 2057 de
998 1980 1162 2082 Hunyad

81 2089 173 2167 dieti
190 2093 507 2194 regniHungariae
526 2089 807 2181 Gubernatoris,
828 2113 871 2162 ac
890 2085 1051 2173 liliorum
1066 2091 1159 2161 eius·

80 2197 165 2292 dem
181 2196 476 2303 praedictorum,
510 2198 746 2299 ipsorumque
772 2190 945 2275 haeredes
971 2193 1161 2275 universos

76 2322 234 2407 propter
260 2303 449 2396 dedecus,
495 2301 599 2406 quod
624 2327 693 2406 per
731 2328 815 2376 non
844 2299 1163 2400 adimpleatinnem
1262 2310 1265 2315 '

76 2411 355 2512 praemissarum
367 2410 736 2511 nuptiarumseuper
756 2405 846 2501 hoc,
872 2405 975 2508 quod
994 2431 1048 2499 ea,
1067 2426 1162 2507 quae

78 2521 244 2618 superius
263 2519 301 2607 in
327 2514 424 2590 sacto
442 2513 626 2590 dictorum
650 2513 872 2616 sponsalium
888 2529 926 2589 et
942 2509 1163 2595 matrimonii

59 2621 253 2696 scondicta
275 2640 378 2714 sunt,
406 2620 453 2694 ad
470 2621 641 2697 effectum
658 2645 879 2724 quoeunque
898 2645 982 2697 casu
1000 2645 1080 2695 non
1097 2614 1162 2693 de·-

77 2727 320 2831 ducerentur,
356 2725 491 2829 eisdem
518 2744 555 2802 et
583 2727 746 2802 dominio
774 2729 939 2832 ipsorum
971 2724 1096 2802 inferri
1124 2719 1175 2799 εἴ·

82 2837 232 2910 evenire
245 2851 380 2938 posset,
397 2859 466 2907 nec
486 2860 561 2907 non
578 2836 683 2923 etiam
706 2861 779 2936 pro
793 2832 1000 2924 laboribus,
1028 2838 1181 2934 espen?¹

80 2941 128 3017 sis
146 2955 185 3015 et
205 2938 342 3017 damnis
362 2955 400 3015 et
412 2941 586 3037 interesse
605 2955 815 3016 remaneant
835 2955 872 3012 et
890 2933 1163 3025 remaneretis·

76 3045 191 3121 beant
215 3070 262 3121 eo
279 3046 385 3153 iure,
414 3071 491 3148 quo
515 3070 584 3119 nos
603 3062 640 3119 et
658 3044 745 3119 dieti
770 3042 836 3119 filii
862 3044 1099 3145 uostri3ipsas
1123 3053 1164 3117 et

77 3151 360 3257 ¹studemusque
376 3149 489 3226 modo
510 3153 688 3227 tentamus
706 3165 743 3251 et
760 3147 1004 3254 possedimus,
1014 3152 1053 3225 in
1070 3171 1163 3222 sem·

76 3259 262 3364 piternum
278 3254 525 3361 *possidendae
554 3273 591 3332 et
614 3253 812 3333 habendae.
847 3253 1020 3358 Nihilque
1051 3253 1161 3345 iuris,
1247 3317 1254 3328 .

77 3360 235 3443 dominii
251 3382 292 3442 et
306 3364 540 3469 proprietatis
558 3365 597 3440 in
618 3360 754 3441 eisdem
771 3361 879 3439 nobis
903 3379 943 3438 et
960 3361 1069 3439 dietis
1094 3359 1163 3439 do·

75 3473 197 3547 minae
218 3472 440 3547 consortiae
460 3468 570 3573 filiis,
582 3468 723 3545 filiabus
744 3486 783 3545 et
803 3468 1173 3574 nepotibuttuostris,¹

77 3576 136 3655 vel
154 3575 370 3673 eorumdem
389 3576 666 3679 posteritatibus
697 3576 736 3650 in
756 3574 829 3653 boc
848 3603 934 3661 casu
955 3590 1162 3668 remaneat,
1258 3635 1262 3641 .

78 3708 144 3760 seu
159 3698 390 3779 reservetur,
409 3682 475 3758 sed
495 3707 604 3769 omne
623 3682 679 3757 ius
702 3698 869 3761 nostrum
890 3708 932 3756 ac
950 3679 1165 3759 eorumden
1219 3706 1224 3713 ’

79 3787 248 3873 dominae
274 3791 482 3882 consortis,
510 3785 756 3890 filiorumque
781 3804 820 3863 et
836 3789 1184 3893 proliumnostroe·

78 3920 178 3992 rum,
213 3892 316 3999 quod
341 3894 380 3976 lu
402 3892 551 3985 ‚eisdem
566 3889 742 3979 babemus
757 3912 795 3971 et
811 3892 965 3990 habent,
987 3894 1169 3996 inipaum
1292 3982 1295 3988 ⁴

77 3999 277 4107 Dominum
295 4002 473 4105 loannem
488 3995 784 4099 Gubernatorem
805 4015 843 4077 et
859 3999 953 4081 lilios
977 4023 1061 4089 suos
1077 3998 1185 4104 pet?
1236 4044 1240 4053 ·
1292 4051 1296 4056 -
