2708 4568
154 270 231 339 280

111 544 117 561 ,
152 475 274 549 omnia
304 471 510 578 perficere?
543 511 594 526 ·-
628 509 683 532 ›-
717 512 770 530 ·-
800 470 902 563 Haec
931 498 1047 575 qutun
1069 469 1241 568 audiisset

150 606 219 654 rex
235 577 465 675 adolescens3
490 618 541 633 -
564 620 615 632 -
636 603 744 679 quarn
761 579 969 652 citatissimo
990 578 1131 681 agmine
1152 605 1240 653 con-

151 684 268 760 tendit
285 684 335 759 ad
350 688 505 780 Januas,
531 683 597 757 ubi
617 681 833 758 Amuratbes
856 684 993 778 stabat,
1020 676 1170 786 paratus
1195 682 1242 757 ad

149 794 345 895 praelium,
373 810 411 868 et
425 791 526 871 fossa
548 792 710 864 munitus
729 791 982 891 exspectabat,
1012 793 1093 892 quis
1111 791 1240 894 praelii

149 903 395 974 exitus-esset
422 897 580 978 futurus.
617 897 806 971 Pannones
835 897 955 971 adorti
974 915 1061 971 sunt
1081 898 1240 1001 peregri·

148 1031 282 1079 norum
302 1032 498 1098 coronam,
518 1005 581 1106 qui
599 1019 636 1076 et
653 1004 721 1105 ipsi
744 1001 891 1096 fortiter
909 1006 1007 1077 inter
1027 1023 1142 1090 castra
1158 1032 1239 1106 pre·

93 1170 96 1175 .
148 1112 239 1185 lium
258 1139 327 1214 pro
344 1110 545 1187 Amuratbe
564 1108 718 1207 ciebant.
746 1109 805 1182 Ibi
828 1137 963 1211 equus,
985 1137 1067 1213 quo.
1081 1110 1239 1207 pebeba·

149 1233 210 1294 tur
226 1220 442 1294 Pennonum
460 1219 562 1311 Rex,
592 1216 711 1290 securi
728 1213 860 1300 feritas>
880 1236 921 1290 et
938 1218 1048 1320 pedes
1070 1218 1239 1291 vulnera·

149 1341 229 1418 tus,
259 1327 402 1399 corruit
424 1350 580 1397 unacum
601 1322 753 1417 sessore.
782 1323 831 1399 At
850 1327 914 1425 qui
937 1325 1106 1425 proxime
1126 1339 1239 1413 stete-

146 1447 231 1503 rant
250 1430 387 1526 (tantus
405 1430 535 1530 praelii
558 1428 735 1503 tumultus
749 1424 845 1529 ern)
873 1457 948 1505 non
966 1446 1157 1505 senserunt
1174 1422 1237 1504 cass·

145 1546 224 1609 suin
255 1541 361 1638 regis.
379 1535 576 1637 ¹Peregrini
595 1535 805 1631 (Janicsari)
828 1537 999 1611 uictoria.
1020 1539 1235 1639 potiuntur,

145 1661 328 1744 caputque
350 1644 566 1717 Pannonum
592 1642 687 1744 regis
712 1640 870 1715 tulerant
889 1641 936 1716 ad
957 1641 1234 1719 Amurathern.“

144 1786 200 1807 -
222 1787 274 1805 -·
295 1751 505 1842 Pannones,
525 1775 639 1850 quum
656 1745 846 1852 cederent,
867 1775 989 1853 regem
1005 1776 1111 1823 suum
1126 1776 1237 1851 quae·

53 1948 56 1959 Ι
101 1932 103 1936 ,
125 1855 330 1957 ritatem,
343 1882 457 1957 quum
478 1869 599 1929 autem
611 1857 899 1956 comperissent,
919 1881 1004 1929 eum
1022 1858 1061 1929 in
1079 1858 1157 1931 acie
1175 1883 1233 1931 ce·

144 1961 274 2038 cidisse
302 1979 340 2037 et
367 1961 631 2036 obtruncatum
657 1986 753 2053 esse,
789 1962 826 2034 in
852 1963 1029 2064 praelium
1054 1961 1230 2056 redeunt,

92 2085 98 2101 '
144 2070 309 2145 volentes
337 2069 478 2143 mortui
504 2093 638 2170 corpus
666 2068 817 2160 tollere,
851 2095 920 2144 nec
947 2087 1068 2146 tamen
1092 2070 1232 2154 Turcos

143 2177 292 2251 vincere
316 2177 524 2277 quiverunt.
560 2175 632 2248 Hic
656 2199 807 2266 rumor,
838 2193 881 2248 ut
904 2175 1051 2251 devenit
1072 2174 1122 2251 nd
1136 2174 1232 2253 cho·

145 2284 301 2374 niatem,
327 2298 364 2355 et
382 2279 428 2355 ad
445 2281 625 2382 reliquos,
649 2280 715 2380 qui
734 2277 829 2353 bunc
847 2280 1137 2378 comitabantur,
1170 2310 1231 2359 ex·

144 2404 334 2463 cesserunt
359 2387 510 2489 praelio.
547 2387 666 2460 Retro
688 2384 857 2463 cedentes
883 2405 919 2462 et
938 2389 1108 2492 palantes.
1127 2391 1230 2465 nullo

38 2511 45 2527 ⁸
142 2511 276 2568 ornatu
304 2495 375 2569 iter
399 2487 609 2586 facientes,-
638 2519 714 2568 non
748 2491 794 2564 ad
819 2513 942 2568 castra·
962 2495 1229 2599 properabant,

92 2607 95 2613 ’
141 2624 269 2674 verum
293 2616 394 2673 recta
418 2598 465 2671 ad
489 2601 624 2672 Istrum
649 2597 919 2673 contendebant
944 2588 1170 2695 „Cboniates
1193 2619 1229 2676 et

141 2707 244 2783 Daci.
283 2707 399 2778 Etiam
427 2702 656 2808 Pannones,
678 2705 742 2806 qui
759 2733 882 2808 regem
900 2710 1016 2783 secuti
1043 2727 1144 2803 sunt,
1171 2707 1227 2781 su-

140 2839 222 2914 gam
243 2812 454 2915 arripuere,
482 2807 652 2884 cedentes
681 2812 785 2885 nullo
807 2812 949 2889 ordine.
986 2812 1031 2888 In
1057 2814 1130 2890 boc
1156 2814 1227 2889 dis-

139 2942 244 2995 cessu
272 2914 487 2994 intetlectus
514 2933 570 2990 est
597 2914 642 2990 ab
662 2917 793 2992 Turcis
821 2920 986 2995 Julianus
1007 2921 1226 3015 Oardinalis,

138 3026 194 3099 vir
213 3025 413 3129 optimus.⁸‘
441 3017 564 3098 Ducas
585 3029 694 3098 etiam
717 3025 766 3096 ita
785 3024 970 3127 perhibet:
1009 3029 1120 3120 „Rex
1142 3055 1225 3114 suo·

137 3155 223 3208 rum
244 3137 320 3206 500
341 3134 488 3234 praeter
507 3148 663 3232 propter
682 3131 832 3232 stipatus
852 3133 891 3205 in
906 3134 938 3206 T
941 3159 1070 3231 urcutn
1090 3162 1224 3237 ¹equum

135 3236 298 3341 impellit.
333 3237 418 3312 Hoc
436 3263 483 3311 ne
496 3240 763 3331 committeret,
785 3255 842 3313 sat
860 3238 1075 3315 hortabatur
1094 3242 1225 3344 Jangus

135 3340 311 3436 (loannes
329 3339 577 3443 Hunyadius),
594 3345 654 3418 cui
674 3360 793 3418 tamen
815 3345 912 3442 laaud
932 3350 1064 3448 paruit,
1085 3365 1124 3421 et
1140 3378 1223 3452 pro·

133 3451 215 3550 pius
236 3474 351 3553 quum
384 3451 613 3540 accessisset,
652 3449 757 3525 letale
784 3449 916 3527 'vulnus
936 3478 1050 3554 equus
1071 3458 1222 3557 accipit,

130 3556 580 3659 sessoremqueregulum
600 3556 639 3627 in
660 3573 768 3658 caput
788 3585 948 3662 pronum
972 3562 1131 3655 excutit,
1166 3561 1224 3637 eui

5 3718 17 3732 ,
132 3682 241 3764 caput
257 3667 399 3747 Tuscae
418 3663 518 3735 illico
538 3679 775 3762 amputarent.
797 3667 927 3740 Casum
946 3666 1068 3739 statim
1088 3693 1224 3772 cogno·

111 3770 186 3842 ¹vit
213 3772 367 3872 Jangus,
409 3764 525 3870 caput
556 3773 653 3843 enim
682 3765 802 3845 bastae
836 3768 1039 3873 praefixum
1067 3774 1223 3849 sublime

67 3905 71 3919 ·
130 3874 451 3978 conspicabatur.“
486 3874 599 3978 Apud
621 3873 775 3950 Stritter
793 3878 914 3969 P.y111.
936 3904 972 3980 ρ.
996 3883 1084 3953 733.
1117 3882 1223 3956 Calli-

129 3979 275 4063 machus
296 4009 369 4057 non
390 3980 632 4076 absimiliter,
659 3985 809 4058 natione
838 3982 990 4086 quidem
1012 3985 1140 4083 italus,
1159 3986 1222 4065 sed
