2708 4568
1143 359 1218 435 ott

137 569 310 670 primitias
336 566 490 670 ipsemet
519 565 610 641 datis
635 564 682 650 nd
699 566 878 670 collegam
895 563 1009 644 officii
1025 563 1223 660 Nicolaum

138 678 188 770 de
210 672 331 780 Ujlak,
358 672 629 747 Transilvnniae
650 672 873 767 Vuirodam,
910 673 1041 748 litteris
1067 676 1223 775 perscri·
1277 734 1288 753 .

138 784 209 886 psit
233 806 303 855 nro
321 781 404 854 ΧΠ.
435 779 649 863 Gloriosum
681 806 771 854 vero
787 807 1013 873 successum,
1042 778 1225 854 Ladislaus

93 960 101 968 .
140 885 360 967 Posthnmus
383 885 483 960 hisce
498 886 699 979 recensuit:
727 889 828 980 „Tot
843 885 1009 961 felicibus
1027 905 1148 960 autem
1168 889 1225 960 vir

138 992 349 1096 magnificus
365 993 540 1067 animatus
555 993 732 1086 victoriis,
749 992 838 1067 aiios
857 994 935 1067 aliis
953 996 1110 1096 insignes
1123 1009 1225 1069 actus

139 1100 398 1193 accumulans,
433 1098 610 1202 grandem
641 1115 679 1172 et
700 1100 1051 1201 sumptuosissimam
1079 1099 1226 1173 tandem

140 1208 370 1311 egregiorum
393 1207 552 1285 militum
574 1205 844 1307 expeditionem
868 1208 1008 1308 coegit,
1045 1198 1130 1280 oum
1154 1233 1227 1308 qua

140 1340 292 1418 regnum
310 1312 460 1388 Serviae
483 1338 547 1388 seu
568 1314 739 1406 Rosciae,
762 1329 800 1388 et
816 1314 1007 1416 Bulgariae
1028 1331 1226 1417 transgres-

141 1447 200 1496 sus
223 1437 261 1494 et
273 1444 389 1520 usque
405 1418 452 1494 ad
471 1429 553 1497 oras
570 1420 777 1495 Romaniae
788 1437 1006 1523 penetrans,
1035 1447 1128 1524 quae
1146 1445 1225 1493 om-

102 1553 105 1559 ·
140 1529 201 1602 nia
218 1528 447 1600 Teucrorum
465 1527 646 1601 Dominus
669 1529 830 1630 >antiquis
859 1527 905 1601 ab
930 1530 1031 1617 annis
1049 1521 1228 1632 occupatu

140 1631 317 1729 tenebat,
337 1634 523 1708 civitatem
538 1632 729 1736 Sophiam.
743 1651 780 1706 et
805 1636 1054 1737 quamplures
1073 1636 1160 1707 alias
1173 1635 1246 1707 *cin

140 1742 287 1833 vitatos,
316 1738 450 1840 op'pida
462 1795 472 1832 ‚
483 1755 632 1830 tessun,
653 1756 821 1839 totasque
838 1766 933 1840 pene
951 1758 1063 1814 terras
1081 1742 1156 1820 illas
1172 1743 1229 1813 in-

140 1844 235 1920 fidae
252 1848 368 1948 gentis
385 1842 582 1938 domicilia,
604 1847 687 1947 igne
708 1862 746 1917 et
761 1844 880 1948 gladio
899 1838 1071 1923 vastavit!
1088 1849 1135 1923 111<
1151 1872 1228 1948 quo
1339 1887 1347 1906 ·

100 1968 104 1978 '
140 1951 290 2055 quidem
316 1975 510 2052 progressu
528 1949 690 2042 crebris,
717 1953 913 2054 praecipue
931 1974 1022 2028 vero
1042 1977 1106 2026 sex
1123 1979 1228 2054 prae-

139 2058 216 2151 tiis,
251 2055 624 2171 continuas5adeptus
652 2057 826 2132 victorias
838 2113 856 2152 ‚.
881 2060 1022 2162 ⁴ingenti
1046 2056 1229 2154 hostium,

97 2183 99 2186 ’
140 2164 330 2241 h0minum
349 2180 395 2236 ct.
410 2187 535 2237 rerum
557 2161 691 2264 praeda
715 2181 907 2259 onustum,
939 2158 1102 2239 solvuum
1121 2163 1229 2263 redu=

140 2274 197 2346 xit
213 2262 428 2361 eumenum,
446 2269 597 2344 infinitis
610 2268 772 2345 hostium
788 2272 900 2372 captis
918 2268 1113 2362 banderiis,
1135 2297 1229 2374 quae

141 2381 178 2453 i'n
198 2379 359 2453 Ecclesia
375 2380 416 2451 Β.
430 2378 567 2452 Mariae
584 2372 745 2480 Virginis
762 2376 958 2472 undensis,
972 2378 1019 2453 ¹in
1038 2379 1093 2453 sui
1111 2395 1229 2479 aeter·

140 2512 224 2558 nam
248 2483 392 2558 laudem
420 2509 491 2585 per
515 2483 639 2558 futura
662 2485 806 2558 saecula
831 2482 1064 2590 pendebunt,
1099 2503 1229 2586 utpote

142 2609 202 2665 tot
213 2589 485 2694 triumphorum
512 2591 710 2667 iliustrium
725 2591 970 2693 pulcherrima
989 2608 1027 2667 ot
1043 2592 1228 2694 praeclara

140 2714 385 2773 monumenta.
411 2695 623 2800 Exquibus‘
634 2708 803 2775 secutum
821 2717 893 2794 est,
915 2709 956 2775 ut
970 2700 1049 2802 ipse
1066 2699 1228 2774 Teucro·

142 2831 224 2879 rum
231 2798 403 2905 Princeps
421 2804 784 2885 tremefacnanotnm
800 2833 954 2911 regnum
964 2807 1125 2899 Rosciae,
1144 2833 1229 2882 curn

142 2909 305 2987 eiusdem
319 2902 461 2982 ''terrae
491 2911 636 3004 castris,
673 2936 767 3012 quae
797 2916 996 3015 antiquitus
1030 2926 1227 3015 occupata,

142 3019 246 3120 qussi
269 3014 376 3091 huius
407 3017 510 3119 regni
538 3016 676 3108 claves,
705 3016 874 3110 tenebam
891 3017 1059 3093 manibus
1077 3018 1235 3101 illustris.

142 3123 321 3223 Principis
339 3123 491 3224 Georgii
506 3123 672 3225 -Despotis
679 3121 848 3218 Rosciae,
870 3122 980 3199 huius·
994 3125 1096 3226 regni
1115 3148 1229 3199 mem·
1293 3192 1297 3199 f

142 3229 202 3306 bri
217 3226 357 3321 fidelis3
394 3229 544 3302 nomine
556 3225 609 3303 'et
635 3223 807 3318 mandato
825 3232 929 3333 regni
948 3232 1154 3329 Hungnriae
1171 3255 1243 3311 re·¹
1287 3234 1289 3240 ’

142 3337 292 3440 cipicnti
312 3336 494 3430 restituit‚-
525 3359 621 3436 quae
640 3361 708 3436 per
734 3361 818 3426 eum
836 3363 950 3439 usque
975 3335 1023 3410 ad
1049 3335 1136 3411 haec
1161 3356 1233 3421 no-⁸

142 3461 237 3518 strae
254 3444 383 3518 aetatis
399 3459 566 3545 tempora
581 3438 733 3543 pacifice
745 3458 788 3517 et
808 3441 966 3519 fideliter
980 3443 1226 3548 possidentur.
1260 3438 1263 3444 ⁴

128 3549 224 3641 »Rex
240 3551 351 3628 etiam.
368 3551 507 3624 Bosnae
532 3575 584 3624 eo
603 3563 784 3649 respectu·
796 3548 844 3622 ad
858 3551 1036 3660 'pristinae
1053 3545 1227 3625 obedien·
1258 3540 1264 3553 ’

119 3717 121 3721 .
143 3657 233 3752 tiae,
262 3682 372 3759 quam
391 3670 630 3760 negaverunt,
649 3651 1028 3759 rediit'gsemium,'in
1047 3684 1120 3760 qua
1139 3653 1228 3728 huc-

142 3789 260 3866 usque
286 3778 495 3838 constanter
516 3760 765 3865 persererat.“
799 3757 971 3840 Totidem
997 3758 1075 3839 fere
1104 3756 1255 3864 verbis„

141 3870 311 3946 victorias
327 3867 391 3942 has
408 3872 563 3971 promsit
579 3867 758 3970 Georgius
767 3897 785 3975 2*
799 3869 1072 3972 regniRasciae
1085 3871 1245 3971 -Despo-·

135 3973 222 4073 tus,
245 3971 291 4048 ad
307 3979 503 4077 an.·1'444.
538 3971 766 4052 Thuroczius
784 3973 1018 4054 chron-lte.
1047 3987 1127 4078 etp.
1147 3975 1228 4065 XL.
1327 3983 1328 3987 ’

143 4082 284 4187 Aeneas
293 4081 446 4184 Sylvius
462 4083 566 4188 epist
585 4078 721 4160 XLIV.
739 4095 779 4155 et
793 4073 966 4161 Lxxxt
977 4078 1229 4157 '‘callimachus
1260 4110 1264 4115 ·
