2708 4568
1124 356 1127 368 y
1147 214 1239 338 sss'

141 478 180 543 at
204 461 487 565 terrigenarum,
505 483 718 564 regnorum
740 453 1043 563 qt'dominorum
1068 489 1221 562 suorum

142 568 381 672 peculiarium
405 592 449 642 ac
466 566 572 649 extra
592 566 719 643 eadem
739 585 867 654 contra
884 569 1149 649 ordinationem
1169 587 1219 642 le·

141 675 426 766 stamentariatn,
447 671 597 776 praefui
615 672 801 775 quondam
818 675 965 751 Alberti
989 679 1083 779 regis
1110 674 1219 751 tradis

142 781 249 857 ditet
266 780 476 882 assignavit,
495 805 605 881 quem
623 780 741 855 dictus
756 782 864 855 Dom.
880 807 947 856 rex
965 783 1231 875 Romanorum·

140 887 209 963 iam
229 885 395 990 pluribus
425 886 526 960 annis
554 902 656 960 extra
675 912 785 989 regna
796 883 811 980 ,’
834 884 984 961 ducatus
1003 905 1041 962 ct
1059 887 1220 971 dominia

138 1018 203 1067 sua
222 992 340 1071 cernit
358 1017 400 1067 ac
417 1006 521 1085 ¹tenet
539 988 586 1065 de
608 994 808 1095 praesenti,
830 1008 868 1065 et
887 991 987 1094 quod
1007 1019 1075 1076 nos
1095 1011 1133 1069 et
1150 993 1219 1072 alia

136 1122 249 1201 tegna
269 1115 307 1173 et
327 1095 486 1187 dominia
505 1095 665 1174 eiusdem
674 1099 823 1192 Domini
841 1099 956 1172 nostri
977 1099 1148 1175 naturalis
1164 1126 1219 1175 rc·
1331 1102 1333 1106 ⁴

131 1207 190 1310 gis
205 1202 383 1296 Ladislai,
415 1198 587 1305 tempore*
604 1202 726 1298 medio
747 1206 785 1278 in
808 1204 907 1279 varia
931 1203 1127 1299 disturbia,
1156 1205 1217 1279 da-

131 1336 223 1409 mna
243 1308 513 1412 inquietudines
542 1309 733 1413 incidimus
755 1327 791 1385 et
809 1309 1036 1404 inciderunt,
1064 1337 1218 1415 minium

125 1418 331 1509 occasione
349 1441 428 1490 ¹uos
448 1441 573 1507 omnes
592 1415 637 1490 D.
653 1416 907 1493 Romanorum
922 1416 1082 1522 Regem,
1105 1417 1218 1522 repli-

127 1525 237 1616 catis·
251 1519 400 1619 *viribus
427 1521 717 1623 impulsavimus,
758 1539 932 1625 quatenus
963 1515 1027 1597 sua
1053 1525 1218 1605 maiestas

129 1629 330 1705 (lominum
349 1642 515 1703 nostrum
533 1629 756 1722 naturalem,
776 1632 814 1702 in
836 1625 1096 1703 haereditatem
1109 1645 1217 1706 'suam
1323 1647 1333 1672 ²

185 1750 328 1831 ternam
344 1732 561 1828 collocaret,
589 1731 709 1836 quod,
732 1731 971 1836 prohdolor!
999 1733 1096 1836 apud
1116 1760 1217 1812 suam

128 1762 379 1919 §irminam
397 1835 569 1925 bactrum
588 1840 791 1942 nullatenus
819 1855 1028 1941 poteramus
1046 1840 1227 1943 impetrn·'

126 1973 198 2041 re,
227 1945 294 2020 sed
315 1941 581 2021 suaderenitas
604 1946 784 2038 nescitur,
815 1971 891 2047 quo
918 1941 1026 2029 ducta
1050 1950 1215 2041 motivo,
1240 2029 1242 2032 ,

130 2049 309 2143 eumdem
322 2051 524 2149 Dominum
544 2068 712 2127 nostrum
727 2075 859 2153 regem
875 2047 1082 2144 Ladislaum
1098 2051 1144 2128 de
1158 2079 1217 2147 rc·¹

128 2163 234 2267 gnis,
259 2153 447 2234 ducatibtu
468 2160 504 2233 et
520 2155 689 2233 dominiis
706 2159 778 2232 suis
797 2154 937 2260 ubsque
953 2158 1048 2242 scitu
1070 2174 1108 2231 et
1122 2159 1216 2235 telle
1339 2175 1341 2180 ’

129 2265 282 2358 nostro,
310 2256 451 2339 scilicet
473 2259 689 2367 regnorum,
720 2260 939 2356 ducatuum,
965 2262 1216 2343 dominiorum

129 2390 288 2450 suenum
310 2366 357 2444 ad
375 2387 516 2446 exteras
536 2372 703 2473 regiones
719 2371 912 2472 personam
929 2394 1030 2444 satam
1047 2368 1217 2469 fortunas
1296 2436 1299 2441 .

128 2477 306 2585 periculis
331 2473 553 2553 submittens:
573 2474 737 2552 abduxit.
767 2477 955 2568 Quocirca
972 2503 1042 2570 nos
1063 2501 1109 2551 ex
1130 2495 1232 2568 cau·'¹

129 2588 183 2666 sis
209 2578 425 2685 supradictis
455 2609 499 2675 ac
528 2601 682 2689 propter
707 2584 939 2679 necessitates
967 2574 1214 2689 gravissimas,

132 2692 236 2769 dicto
252 2687 403 2785 domino
421 2704 550 2788 nostro
566 2691 740 2786 nmurali,
766 2692 917 2794 suisque
926 2692 1074 2793 'regnis,
1103 2687 1213 2778 duca&

132 2796 251 2889 tibus,
272 2794 443 2879 dominiis
468 2796 741 2889 incumbentes,
777 2796 983 2900 generalem
1002 2800 1213 2873 conventio·
1323 2825 1327 2838 ·

86 2936 92 2945 ·
131 2929 216 2979 nem
233 2903 273 2977 in
289 2898 357 2978 bac
376 2902 520 2987 civitate
530 2901 727 2979 Viennensi
746 2903 784 2975 in
805 2899 861 2999 his
883 2900 1014 2977 diebus
1027 2903 1213 2977 celebrum
1292 2946 1295 2951 ν

132 3021 205 3106 tas,
238 3005 303 3083 ubi
330 3005 496 3101 deductis
514 3005 599 3083 hinc
624 3007 711 3083 inde
730 3004 941 3091 tractatibus
970 3023 1008 3083 et
1025 3003 1215 3110 colloquu'-
1313 3041 1316 3047 ·

122 3115 292 3192 tionibus
312 3116 466 3208 mutuis,
486 3129 630 3191 maturo
653 3111 825 3206 consilio,
847 3110 1109 3189 deliberatione
1128 3139 1212 3215 pref

135 3220 254 3297 habita
282 3221 330 3295 ad
347 3219 455 3297 talem
480 3219 689 3307 devenimus
706 3220 996 3297 conclanionem:
1023 3221 1124 3321 quod
1142 3243 1213 3292 nos

133 3328 265 3412 caeteri
298 3324 516 3431 supradicti,
533 3378 535 3382 2
552 3329 709 3409 universi
730 3325 989 3405 ,universaliter
1022 3343 1059 3401 et
1084 3325 1213 3427 singtdi

132 3434 375 3540 singulariter,
399 3459 554 3509 unacum
575 3431 777 3513 illustribus
798 3431 1025 3537 principibus
1038 3430 1213 3507 *Dominis

130 3539 319 3637 Friderico
336 3554 374 3614 et
388 3539 535 3641 Vbios,
557 3539 670 3641 Cilica
689 3537 916 3630 Comitibus,
935 3540 1000 3640 qui
1017 3539 1114 3612 inter
1133 3562 1212 3614 cae·

131 3661 228 3729 turos
245 3646 429 3748 principes
446 3662 484 3719 et
500 3651 695 3747 magnates,
707 3646 823 3750 ipsius
841 3641 1016 3723 videlicet
1031 3645 1077 3718 D.
1093 3645 1212 3721 nostri

131 3754 224 3856 segis
242 3749 400 3847 Ladislai
428 3751 703 3850 consanguinei,
730 3775 807 3825 non
826 3753 945 3826 minus
968 3776 1016 3829 ex
1030 3745 1213 3825 fidelitatis

130 3858 347 3950 constantia,
392 3883 501 3961 quam
535 3857 646 3956 ipsius
681 3849 1017 3958 consaQnineitatis
1044 3852 1211 3948 fervore,

99 3962 352 4068 'flagrantiori
382 3959 585 4086 desiderio,
629 3959 842 4065 praesertim
877 3986 945 4063 pro
974 3957 1211 4050 clibemtionc

171 4124 181 4161 l
