2708 4568
1150 303 1228 376 1²5
1303 332 1308 341 ·

142 541 234 592 neve
256 539 370 616 cogar
386 531 430 588 et·
447 530 548 616 parta
575 517 805 620 relinquere,
842 544 927 593 eum
947 517 1166 592 detrimento
1187 533 1227 592 et

139 623 344 726 ignominia
360 618 558 696 catholicae
576 619 663 696 fidei
684 638 721 697 et
736 625 872 699 iactura
888 627 1119 728 sempiterna.
1137 625 1226 725 Opi·

141 729 210 806 bus
230 744 270 802 et
291 749 445 801 numero
468 725 578 807 validi
603 745 708 822 sunt,
747 756 832 805 cum
859 730 994 831 quibus
1017 758 1115 804 arma
1139 755 1226 804 con·

105 831 295 922 (terenda
324 849 450 926 erunt,
486 859 708 937 vereorque,
745 862 791 908 ne
818 862 901 909 cum
923 838 1068 910 Teucro
1096 836 1229 940 incep-

142 961 223 1018 tum
245 939 496 1032 bochellum,
519 966 604 1014 cum
626 957 703 1014 tota
719 940 806 1014 Asia
826 940 1025 1046 gerendum
1043 957 1227 1035 occurrat,

143 1075 256 1151 quam
278 1043 426 1120 obrem
450 1071 530 1148 spes
554 1048 673 1142 maior
699 1044 913 1122 christianae
937 1049 1118 1121 seruitutis
1137 1075 1226 1152 pro·

143 1151 360 1257 pulsandae,
388 1154 425 1224 in
444 1155 709 1253 perseverantia
734 1169 800 1226 est
838 1152 915 1226 Aut
931 1154 1028 1227 enim
1048 1180 1123 1227 nou
1143 1180 1227 1256 per·

119 1336 120 1340 ,
143 1257 292 1334 suaderi
318 1256 454 1331 bellum
481 1255 629 1352 debuit,
665 1284 734 1332 nec
762 1260 919 1360 suscipi,
947 1275 1009 1332 aut
1027 1261 1058 1332 'si
1080 1276 1226 1361 persua-

121 1422 125 1431 .
144 1391 226 1439 sum
244 1381 526 1467 susceptumque
543 1365 701 1456 exstitit,
728 1389 855 1468 gerere
870 1390 939 1465 pro
961 1363 1133 1467 dignitate
1152 1380 1227 1438 tan·

144 1489 202 1546 tae
231 1473 289 1542 rei
317 1489 354 1542 et
381 1469 558 1571 perlicere
589 1487 747 1571 oportet.
785 1469 999 1545 Perficietur
1030 1487 1169 1561 autem,
1195 1471 1228 1544 si

145 1576 357 1680 urgebimus
378 1599 595 1666 concussos,
632 1592 669 1648 et
686 1577 718 1649 si
739 1601 814 1649 non
836 1574 1086 1652 abscondimus
1107 1577 1226 1680 prius,

147 1711 258 1787 quam
278 1683 354 1782 spei
375 1699 520 1756 nostrae
541 1677 651 1753 finem
673 1682 797 1785 pulsus
816 1684 962 1785 Europa
982 1682 1092 1758 bostis
1111 1688 1227 1785 impo-
1309 1755 1312 1762 .

146 1806 260 1865 neret·
286 1788 372 1863 Non
390 1787 476 1860 levis
491 1812 596 1860 causa
616 1803 669 1860 est
689 1786 793 1880 belli,
815 1815 908 1890 quae
929 1788 977 1862 ad
995 1810 1228 1892 perseveran-
1284 1803 1287 1808 ’

147 1902 234 1974 tium
260 1894 436 1967 stimulat:
472 1893 581 1966 toties
616 1893 827 1967 insultantes
864 1891 1005 1986 hostes,
1041 1900 1227 1996 nunquam

146 2004 217 2076 nisi
236 2001 325 2074 victi
346 1998 520 2074 desinent.
555 1998 665 2073 Nulla
684 2013 768 2071 cum
793 2000 844 2071 eis
863 1998 936 2072 fida
967 1999 1130 2073 conditio
1152 2026 1227 2075 esse

146 2124 284 2212 potest,
311 2106 400 2179 utile
420 2122 473 2178 est
496 2105 606 2207 igitur
632 2106 764 2177 instare
784 2122 1078 2205 perseveranter,
1099 2102 1227 2178 defun·

146 2217 255 2321 gique
281 2237 377 2286 cura.
414 2210 630 2284 instabimus
655 2218 796 2301 autem,
833 2211 865 2283 si
891 2208 1080 2287 beatitudo
1109 2227 1229 2284 vestra

145 2316 433 2427 perseverantiae
452 2333 597 2389 nostrae
616 2341 724 2417 opem
744 2313 897 2410 tribuet3
924 2315 1045 2390 brevis
1067 2318 1137 2393 crit
1155 2342 1228 2409 res,

145 2431 175 2503 si
202 2450 278 2500 uno
304 2439 470 2526 tempore
498 2438 684 2524 ageretur,
720 2439 757 2496 et
783 2423 814 2496 si
839 2448 906 2525 per
926 2423 1228 2518 intermissiones,

145 2530 408 2632 intervallaque
426 2529 621 2601 lentiorem
640 2553 740 2631 spem
756 2539 917 2604 nostram
938 2554 1014 2603 non
1025 2528 1228 2605 fecerimus.

144 2638 267 2715 Habet
291 2637 362 2709 iam
390 2631 581 2713 beatitudo
607 2652 724 2718 restra
748 2636 934 2739 aequalem
962 2634 1016 2710 bis
1038 2634 1227 2741 stipendiis

144 2738 363 2834 exercitum,
383 2737 494 2813 babet
517 2740 651 2815 milites
662 2740 949 2817 domesticorum
964 2741 1134 2819 funerum
1155 2744 1228 2817 avi·

144 2851 314 2926 dissimos
335 2844 517 2938 vindices,
540 2846 685 2948 ,quibus
704 2874 779 2921 non
805 2850 985 2950 precaria,
1013 2846 1078 2922 sed
1097 2875 1228 2954 perpe·
1324 2847 1327 2856 ’

144 2974 208 3033 tua
224 2982 323 3030 arma
343 2956 496 3037 exstant,
514 2950 705 3027 adversum
725 2953 810 3026 illos
830 2970 975 3026 nostros
995 2979 1139 3056 semper
1159 2957 1228 3030 bo·

143 3082 237 3153 stes,
273 3059 472 3135 christiano
510 3059 649 3133 nomini
670 3064 864 3159 ‘uunquam
902 3059 1048 3133 amicos.
1086 3061 1229 3137 Placeat

144 3167 260 3244 modo
287 3165 532 3269 provisionem
559 3189 633 3236 non
662 3179 904 3268 postponere,
938 3178 975 3236 ct
993 3190 1076 3238 eum
1096 3163 1225 3257 finem,

145 3294 188 3349 ut
210 3272 368 3358 bberata
379 3272 527 3370 Europa
544 3284 582 3342 et
600 3267 686 3343 fidei
702 3294 851 3344 consors
870 3266 1017 3344 essedis
1034 3269 1128 3345 illius
1149 3271 1228 3375 gio·

144 3384 201 3457 ria
224 3378 305 3470 fiat,
341 3394 450 3476 atque
475 3374 595 3449 decus.
634 3378 733 3451 Haec
760 3374 904 3469 dicens,
942 3373 1120 3477 simulque
1144 3378 1229 3453 binc

144 3484 382 3593 proficiscens
409 3482 642 3558 recommitto
668 3508 727 3556 me
750 3482 902 3585 pedibus
928 3481 1134 3558 Sanctitatis
1161 3510 1227 3560 ve·
1284 3476 1287 3481 ⁸

146 3611 262 3684 strae,
289 3613 410 3692 *quam
434 3589 639 3665 Altissimus
666 3605 876 3684 conservet,
901 3589 1002 3662 iuxta
1027 3601 1111 3661 vota
1133 3591 1227 3697 regi·
1304 3678 1306 3684 .

146 3700 238 3774 mini
260 3696 441 3772 Ecclesiae
462 3721 545 3769 suae
562 3713 718 3771 sanctae.
756 3696 893 3770 Datum
911 3694 948 3767 in
969 3710 1064 3767 terra
1079 3695 1227 3773 Rosciae

147 3805 233 3878 uliae
260 3801 429 3899 Serviae,
473 3803 619 3902 inipso
646 3826 842 3902 progressu
873 3797 1082 3875 exercituali
1109 3808 1228 3905 'prope

124 3910 282 3985 vvadum
311 3905 492 3998 Danubii,
532 3902 634 4008 quod
658 3903 765 4008 vulgo
785 3905 966 4007 lapideum
988 3902 1141 4001 dicitur,
1170 3910 1229 3983 die

149 4017 270 4095 XVII.
289 4005 392 4118 Sept.
416 4036 511 4086 anuo
526 4011 676 4086 Domini
694 4007 969 4087 MCDXLVIII.
1215 4018 1219 4029 '

192 4143 301 4204 locun·
317 4134 357 4200 de
374 4133 493 4226 Zredpa
510 4133 598 4219 epist·
617 4135 667 4198 35.
