2708 4568
118 718 140 740 -’
226 708 356 771 loannes
382 724 401 767 a
421 703 599 788 capistrum
616 712 704 767 anua
727 700 760 765 in
780 700 922 770 Valaclria
942 706 1090 773 mirionis
1113 707 1217 774 officio

139 918 145 925 .
227 835 403 911 occupatus·
432 823 553 890 Litteris
571 823 686 887 Joanni
696 819 904 893 autmutari
927 822 959 890 in
975 824 1112 895 histricia
1128 848 1221 895 oon·
1350 902 1353 907 Ι

226 932 386 1014 muricatis
401 967 582 1034 responsum
600 945 705 1036 taliter
722 941 878 1011 reddidit·
944 950 949 957 ’
1307 925 1313 933 ’

275 1247 280 1255 ,
594 1152 747 1235 cxxv,

133 1299 281 1373 &adem
297 1301 486 1386 argumuti.
505 1301 598 1361 Anao
615 1297 709 1383 tuso.
784 1325 792 1337 ·

99 1470 104 1476 ·
183 1411 186 1415 ’
228 1399 361 1520 ioanni
385 1436 569 1517 uanus
590 1437 716 1516 unat
741 1440 881 1546 angen
907 1482 962 1508 .-
986 1480 1042 1500 -
1067 1416 1120 1521 'ct
1139 1418 1217 1551 qus

132 1551 289 1660 applicui
315 1547 376 1624 die
402 1546 506 1621 datae
524 1543 612 1619 milri
636 1562 722 1621 sunt
736 1564 879 1623 vestm
895 1549 1215 1634 reverendissimas
1340 1558 1342 1563 ’

132 1655 391 1734 dominationis
416 1652 580 1747 litterae,
610 1677 703 1752 quae
726 1650 773 1725 ad
791 1653 1037 1743 suscitandum
1052 1657 1214 1735 animum

130 1758 483 1840 Dominilohan'nis
512 1754 557 1832 de
583 1756 764 1857 Hunyad3
793 1757 946 1855 Comitia
971 1758 1214 1859 Bistricensis,

130 1873 331 1975 plurimum
355 1863 531 1958 valebant.
570 1862 728 1938 Possum'
746 1860 820 1939 hoc
845 1892 960 1941 unum
988 1864 1232 1971 significare,’
1304 1876 1309 1893 “

130 1978 271 2051 vestrae
287 1967 626 2048 reverendissimae
652 1970 930 2069 Dantinationi‚
960 1973 1079 2075 ipsum
1112 1973 1214 2051 nulla

129 2079 293 2184 indigere
313 2081 545 2183 persuasione
561 2077 618 2153 vel
637 2074 897 2152 adhortatione.
915 2076 1114 2155 Nemeum
1135 2084 1217 2185 ipsa

128 2187 221 2263 mihi
246 2212 310 2262 ore
335 2184 487 2287 proprio
515 2182 702 2285 pollicitus
728 2185 795 2277 sit,
821 2199 960 2288 septem
979 2184 1092 2260 millia
1108 2187 1213 2290 equi·

127 2307 215 2370 tum'
223 2307 460 2381 armatorum,
478 2286 648 2362 omnibus
665 2291 874 2367 necessariis
893 2293 1115 2367 ornamentis
1132 2318 1213 2369 mu·

129 2402 312 2493 citarum,
340 2400 383 2471 'et
401 2396 439 2468 in
463 2393 539 2469 dies
557 2396 668 2500 magis
690 2394 901 2491 confirmet,
922 2422 966 2473 ac
985 2398 1212 2475 sanctissimo

129 2502 293 2583 Domino
311 2518 452 2594 nostro,
472 2503 708 2578 invictissimo
728 2503 979 2599 Romanorum
993 2500 1213 2613 Imperatori

129 2610 358 2688 serenissimo
377 2608 456 2710 regi
473 2610 713 2711 Arragonum‚
741 2610 982 2686 illustrissimo
1005 2613 1104 2687 Duci
1119 2614 1212 2689 Bua-
1344 2616 1347 2625 '

127 2717 306 2822 gundiae,
335 2716 482 2817 aliisque
502 2714 667 2788 Dominis
693 2714 899 2816 scripserit,
926 2741 965 2789 se
981 2743 1066 2792 cum
1084 2716 1212 2796 decem
1323 2781 1327 2788 .

129 2823 289 2898 millibus
317 2823 483 2925 paraturi
503 2817 606 2914 fore,
639 2816 933 2923 quandocunque
953 2846 1047 2927 opas
1073 2816 1139 2916 sit,'
1164 2821 1212 2900 ad

130 2927 354 3006 obviandum
386 2924 625 3031 perfidissimo
656 2927 753 3002 hosti
779 2923 933 3021 Christi,
972 2954 1048 3003 non
1069 2926 1213 3006 dubitet

129 3053 251 3112 vestra
279 3024 578 3109 reverendissima
601 3028 802 3109 dominatio
826 3034 947 3137 ipsum
964 3032 1042 3109 ullo
1063 3052 1172 3137 pacto
1188 3062 1212 3111 a

128 3142 321 3247 proposito
342 3137 515 3231 deficere,
540 3164 625 3211 nam
642 3143 680 3214 in
701 3140 810 3214 umis
829 3140 1003 3216 continue
1018 3142 1210 3224 accinctus

127 3265 193 3324 est.
229 3246 306 3322 Sed
326 3270 475 3340 vereor,
503 3269 550 3318 ne
571 3244 669 3321 tenta
695 3247 977 3351 procrastinatio
1004 3247 1212 3352 periculum
1336 3248 1339 3255 ’

131 3351 342 3429 Christianis
361 3352 489 3454 pariat,
505 3350 687 3452 spondent
705 3354 960 3435 enim'caeteri
980 3352 1028 3429 ad
1046 3352 1213 3435 futurum

129 3486 291 3535 mensem
306 3459 443 3533 lulium
461 3482 502 3532 se
524 3455 715 3559 expeditos
739 3457 833 3533 fore.
870 3460 1013 3535 Turcae
1029 3482 1106 3535 non
1121 3460 1210 3537 dor·

130 3571 269 3656 mium,
294 3591 378 3641 nam
392 3563 469 3661 fere
487 3562 652 3665 quotidie
672 3563 982 3669 inuaduntpurtes
998 3562 1213 3661 inferiores,

130 3690 166 3747 et
186 3668 456 3777 depopulantur
482 3670 567 3750 satis
586 3644 856 3764 miseraiiliter,
894 3668 1060 3773 adeoque
1080 3670 1211 3749 fortili-

131 3799 281 3873 cantur,
320 3795 360 3855 ut
382 3774 488 3855 nobis
515 3779 670 3855 maxime
699 3775 745 3853 sit
766 3774 973 3857 stnaadum‘
993 3776 1078 3857 anta
1103 3776 1231 3881 etism,
1285 3837 1287 3841 .
