2708 4568
49 267 228 342 ,290-

137 483 286 558 maioris
312 479 550 555 excellentiae
579 491 630 552 et·
645 474 826 579 dignitatis
855 505 925 580 pro
955 477 1099 557 bonore
1118 507 1219 558 eum·

135 591 220 664 dein
245 589 391 662 Domin.
409 586 586 660 Comitem
609 585 877 658 Bistricensem·
891 588 1053 689 insigniis
1080 587 1224 674 eisdem

117 695 334 783 ,adornavi-t
370 694 530 767 Peractis
549 693 692 762 tandem
710 717 839 792 magno
853 696 947 765 'cum
971 694 1103 794 gaudio
1127 722 1219 801 pun.

133 805 201 876 ctis
226 803 336 903 ipsius
363 798 633 872 sublimationis
656 799 893 890 ceremoniis,
930 797 1028 874 idem
1055 826 1123 881 ren
1150 805 1217 876 La·-

133 909 262 988 dislaus
290 903 464 979 eumdem·
488 906 688 977 Dominum
707 905 886 977 Comitem
912 906 1034 980 multis
1058 910 1218 982 muneri·

133 1014 202 1088 bus
220 1031 258 1086 et
283 1011 442 1087 donariis
466 1009 577 1115 regali
596 1007 767 1110 largitate
793 1008 1043 1107 honoratum,
1060 1040 1219 1090 unacum

1 1154 2 1157 ¹
114 1120 285 1196 ,caeteris
303 1119 471 1192 Dominis
491 1115 670 1189 Praelatis·
685 1114 721 1187 et
748 1117 953 1191 Beronibus
974 1126 1110 1218 paucos
1134 1137 1218 1223 post

132 1227 208 1302 dies
228 1227 367 1300 remisit
388 1226 424 1294 in
442 1221 701 1322 Huugariam.“
717 1223 878 1295 -ldem
900 1224 1071 1326 perhibet
1086 1227 1216 1302 Ludis-

130 1337 205 1407 le'us
223 1359 289 1406 rex
301 1323 312 1403 τ’
329 1331 432 1421 „Nec
447 1328 563 1431 solum
583 1326 744 1400 externis
761 1329 861 1402 malis
882 1329 959 1405 hoc
977 1326 1136 1434 regnum
1149 1336 1216 1407 eri·'

130 1442 232 1543 puit‚
261 1434 326 1511 sed
346 1451 384 1506 et
399 1437 541 1505 interna
557 1434 681 1533 quiete
701 1438 906 1536 composita
924 1437 1057 1531 effecit,
1081 1457 1123 1531 ut
1139 1454 1215 1515 tota

130 1547 230 1618 natio
251 1560 288 1615 et
306 1538 513 1642 respublica
529 1539 636 1640 regni
657 1542 999 1643 nostriHungariae,
1019 1544 1222 1640 submotis,¹

130 1651 358 1749 sublatisque
393 1643 562 1720 civilibus
585 1643 703 1718 bellis
732 1661 770 1719 et
801 1648 952 1721 internis
985 1650 1215 1746 turbinibus,

130 1783 207 1860 quo
224 1757 335 1857 paulo
355 1769 436 1824 ante
457 1768 520 1833 aut
539 1749 743 1824 voluntates
765 1768 802 1824 et
819 1771 956 1828 mentes
974 1760 1051 1830 eius
1075 1758 1216 1860 generis

131 1878 158 1936 a'*
171 1888 250 1938 sese
263 1859 528 1950 »destinxerinn
558 1857 696 1929 unione
717 1859 875 1932 invicem
893 1863 1030 1953 iurata,
1052 1891 1118 1936 nos
1143 1867 1214 1938 Do

40 1961 43 1967 ⁴
95 2042 97 2044 ,
132 1973 271 2044 minum
290 1991 403 2040 'suum
429 1963 633 2069 naturalem
652 1965 885 2064 genitoriset
906 1971 962 2040 avi
983 1995 1109 2074 regum
1131 1997 1234 2047 suo·

76 2093 79 2097 ’
131 2102 215 2151 rum
239 2095 489 2147 successorem
514 2067 771 2144 annuendam
802 2091 928 2174 regem,
958 2073 1223 2168 declaraverit,-

130 2182 330 2282 susceperit
352 2194 390 2251 et
413 2177 692 2277 recognoverit,
719 2178 844 2279 sicque
861 2180 1043 2280 praefatus
1058 2185 1215 2258 loannes

133 2287 370 2363 Gubernator
397 2291 550 2385 regnum
575 2278 666 2355 illud
690 2282 798 2358 nobis
824 2301 860 2357 et
885 2287 956 2360 sub
974 2289 1123 2364 nomine
1148 2315 1220 2385 no·-

132 2411 211 2469 stro
229 2393 411 2467 constanti
433 2387 607 2462 fidelitate
621 2389 748 2481 tenuit,
765 2407 879 2490 atque
900 2395 938 2464 in
952 2392 1026 2468 hac
1047 2412 1215 2470 constan·

133 2501 184 2574 tia
200 2500 309 2574 etiam
333 2496 530 2571 innumeris
551 2493 734 2569 bellorum
760 2496 900 2571 morbis
921 2498 1214 2595 adversantibus,

133 2605 364 2708 perservarit
385 2602 577 2702 Postremo
594 2626 746 2700 regnum
759 2603 877 2705 ipsum
896 2594 1112 2710 Hungariae,
1130 2633 1217 2682 con·

133 2711 267 2788 finibus
284 2711 378 2798 suis,
399 2704 539 2779 du'dum
569 2707 723 2794 amissis,
742 2715 1000 2804 mensenatis,
1025 2718 1134 2816 magis
1152 2740 1213 2804 au·

84 2809 100 2820 ’
134 2835 248 2909 otum,
274 2815 456 2917 magisque
474 2837 493 2883 a
514 2829 618 2915 parte
637 2811 834 2888 infidelium
844 2737 1086 2914 lleucrornm,
1107 2847 1216 2925 quam

132 2919 359 3024 temporibus
381 2920 561 3016 dictorum
574 2919 631 2991 avi
649 2936 685 2992 ct
705 2923 820 3020 putris⁴
835 2927 949 2997 nostri
969 2947 1097 3028 regum
1115 2944 1216 3002 tene·

134 3031 264 3122 batur,
284 3028 493 3118 dilatatum,
510 3026 688 3099 Maiestati
706 3045 854 3101 nostrae
872 3026 1027 3105 fideliter
1044 3035 1214 3129 restituit,

134 3139 255 3211 votiva
278 3137 378 3237 pacis
402 3132 663 3234 tranquillitate
688 3131 985 3234 gubernandum,
1013 3138 1116 3240 quod
1136 3143 1216 3240 qui·
1258 3131 1259 3135 ¹

136 3242 221 3316 dem
246 3260 288 3315 ut
312 3231 473 3345 apertius
503 3235 761 3330 confiteamur,
799 3240 868 3313 vel
882 3243 958 3315 sola
981 3245 1037 3319 vel
1062 3250 1216 3322 maxima

135 3351 211 3422 eius
228 3345 422 3438 industria,
450 3342 693 3418 sollicitudine
711 3361 748 3417 et
767 3342 905 3422 bellicis
922 3349 1061 3425 artibus
1083 3375 1215 3458 sequu-
1239 3357 1243 3393 ¹

134 3474 211 3528 tum
228 3469 298 3549 est,
327 3452 378 3526 Vt
391 3453 505 3555 igitur
521 3451 577 3524 vir
604 3458 661 3523 tot
684 3439 893 3526 inclitorum
910 3476 1065 3558 operum
1082 3463 1214 3536 merito
1251 3547 1254 3554 ¹

133 3559 479 3664 praestantissimus,
518 3559 578 3628 cui
597 3556 717 3629 nullus
733 3554 868 3651 bonos,
897 3563 967 3634 nisi
988 3568 1139 3641 meritus
1158 3594 1214 3642 re·

133 3668 232 3740 ferri·
254 3682 396 3766 potest,
434 3663 553 3762 etqui
572 3664 611 3734 in
632 3678 688 3735 tot
719 3666 914 3764 praeclaris
949 3669 1094 3745 actibus·
1122 3675 1214 3748 mul·

132 3790 209 3848 tum
225 3771 407 3873 sanguinis
426 3770 483 3842 sui
504 3783 542 3842 et
557 3793 708 3843 suorum
725 3768 865 3863 effudit,
891 3777 1120 3874 gratamsibi·
1135 3783 1211 3855 Ma·

131 3881 294 3952 iestatem
318 3891 481 3962 nostram
501 3877 740 3976 praesentiat,
776 3902 921 3952 exnunc
940 3882 1078 3982 aliquas
1104 3885 1211 3961 bene·

129 3986 310 4061 volentiae
328 3997 476 4066 nostrae
494 3979 616 4058 videat
635 3982 832 4083 primitias,
859 3986 897 4058 in
917 3983 1081 4067 futurum
1095 3993 1213 4067 maio·
