2708 4568
1187 338 1238 409 ⁴8

131 564 195 621 tur
211 570 290 623 esse
311 542 515 636 mansisse,
537 542 664 620 dantes
683 543 916 623 nibilominus
930 563 975 623 -et
996 550 1076 652 peri
1098 551 1232 624 volun*

129 671 212 730 tate
239 666 278 727 et
303 649 460 727 decreto
486 648 706 745 tribuentes,
731 650 894 753 pmefnto
911 655 1073 730 Domino
1095 673 1228 732 nostro

129 786 239 835 nunc
259 774 446 833 coronato
464 758 560 861 regi,
591 756 837 859 plenissimam
853 760 949 833 illem
967 759 1180 836 fucultatem
1196 780 1235 841 et

130 869 335 969 potestatis
352 862 628 968 'plenitudinem
655 864 693 938 in
719 865 893 940 faciendis
916 870 1038 971 giutiis
1064 884 1102 941 et
1122 867 1235 943 donn·

132 972 306 1049 tionibus
322 986 360 1045 et
378 967 713 1045 confirmationibus
726 974 940 1075 perpetuis,
967 990 1004 1046 et
1023 973 1069 1047 nd
1091 991 1234 1077 tempus

133 1075 408 1156 collationibus
431 1091 467 1150 et
497 1076 743 1151 locationibus
776 1077 963 1153 bonorum
989 1097 1027 1153 et
1056 1078 1234 1157 officiolo*

132 1204 269 1278 tuum,
289 1198 401 1285 etque
419 1183 714 1257 immuniutuum
733 1182 952 1258 officialibus
971 1202 1008 1259 et
1030 1186 1235 1262 baronibus

132 1294 258 1397 regni.
296 1292 390 1364 Item
409 1290 449 1362 iu
476 1286 714 1392 disponendis
735 1290 951 1393 praelaturis
979 1317 1022 1365 uc
1046 1290 1233 1368 beneficiis

134 1396 419 1488 ecclesiasticis,
448 1408 522 1471 tem
544 1394 742 1469 maioribus
762 1423 869 1498 quem
887 1398 1092 1472 minoribus
1112 1424 1155 1474 ac
1171 1424 1233 1474 re·

91 1518 95 1569 t
135 1500 427 1605 compensandis
455 1502 593 1574 meritis
620 1499 814 1595 fidelium,¹
835 1500 1061 1606 quibuslibet
1084 1502 1234 1611 quoque

135 1606 355 1685 infidelibus
371 1624 409 1689 ct
428 1604 744 1709 delinquentibus,
763 1609 964 1685 secundum
986 1612 1093 1686 unius
1113 1614 1234 1687 cuius·

137 1738 215 1821 qne
236 1713 417 1790 demerita
434 1711 644 1813 puniendis,
660 1738 731 1789 nec
751 1741 827 1790 nou
844 1716 882 1789 in
898 1714 1086 1812 faciendis,
1110 1744 1233 1795 emen·

138 1820 275 1897 dandis
294 1838 333 1894 et
351 1816 565 1907 exercendis
584 1819 747 1914 iudiciis,
774 1821 1085 1929 exercendisque,
1105 1824 1233 1926 agend.

91 1990 94 2001 .
137 1926 343 2033 dirigendis
363 1944 401 2000 et
421 1924 689 2024 concludendis
709 1927 971 2024 omuibus-bis,
991 1934 1233 2033 quaeadm·

137 2061 200 2140 ges
224 2034 455 2136 Hungerine,
483 2032 893 2139 ems-praedecessores
917 2051 1099 2110 eteorum
1118 2038 1233 2113 secul-

93 2214 100 2235 ,
138 2158 256 2217 tutem
271 2135 585 2243 quomodolibet,-
596 2138 866 2212 ¹consuetudine
883 2139 1058 2214 videlicet
1075 2159 1137 2217 eut
1153 2146 1233 2219 iure

136 2250 391 2354 pertinerent,
417 2270 461 2318 eo
478 2245 511 2318 si
526 2245 625 2319 idem
641 2244 803 2348 praefate
821 2245 956 2344 priori,
973 2270 1073 2321 nunc
1090 2248 1234 2322 sublsts

138 2380 304 2448 corona,
331 2350 478 2443 finisset,
505 2369 547 2425 ut
576 2352 690 2425 moiis
708 2353 846 2426 exstitit
855 2384 870 2445 ,·
884 2368 1114 2430 coronatus..
1136 2356 1232 2430 rso·

136 2462 329 2565 postumus
347 2474 467 2553 umen
486 2459 563 2533 istis
580 2459 635 2532 sic
658 2457 858 2553 stantibus,
886 2457 1041 2534 eundem
1062 2462 1232 2565 priorem

138 2588 333 2641 coronam·
348 2566 535 2667 cumipse
560 2565 720 2639 Domino
746 2581 875 2641 nostro
890 2592 986 2670 rege
1015 2570 1233 2644 unanimiter

137 2688 224 2747 toto
244 2696 357 2774 posse
380 2687 417 2744 ct
444 2672 546 2745 omni
564 2668 768 2772 diligentia,
798 2673 883 2748 loco
911 2675 1061 2776 cognito
1078 2701 1232 2751 conser-

136 2781 298 2857 vationis
323 2775 505 2869 eiusdem,
523 2780 737 2879 exquirere,
766 2796 875 2879 atque
895 2777 1003 2851 dante
1023 2784 1105 2856 Deo
1123 2808 1232 2857 recu·
1264 2832 1270 2847 ι

136 2910 291 2989 pernre3
310 2882 518 2961 adiicientes
534 2885 720 2961 communi
737 2884 938 2975 voluntate,
956 2886 1058 2984 quod
1074 2888 1110 2961 in
1131 2914 1230 2981 essu,

138 3018 222 3093 qro-
238 2988 369 3066 eedem
384 3014 525 3065 corone
541 2994 647 3093 prior
662 2988 871 3064 huiusmodi
893 2987 1080 3093 diligentia
1091 3010 1230 3088 nostru,

138 3094 247 3201 quod
263 3098 365 3171 Deus
393 3112 552 3190 evertet,
587 3097 798 3198 recuperari
824 3120 900 3168 non
923 3114 1066 3197 posset3
1093 3116 1231 3175 extunc

138 3234 161 3279 n
177 3202 298 3279 modo
312 3203 352 3277 in
368 3221 558 3304 posterum
575 3202 708 3279 bituris
727 3226 873 3303 semper
891 3203 1133 3306 temporibus,
1149 3207 1231 3278 uni·

142 3335 336 3387 versorum
360 3335 491 3413 regum
509 3310 740 3412 Hungnrine,
769 3305 855 3383 buic
872 3306 1232 3386 succedentiumno·

89 3498 91 3523 Ι
139 3414 292 3493 rondtio
305 3440 390 3489 essm
400 3434 612 3520 :pmetnctns
633 3416 721 3507 elis,
744 3432 852 3517 puta,
875 3412 1053 3490 moderna
1069 3417 1111 3493 S.
1123 3418 1233 3521 Regis

88 3588 91 3597 .
140 3548 299 3615 corona,
325 3522 364 3595 in
391 3550 433 3597 ea
457 3524 697 3614 solennitate,
735 3521 1033 3625 proutsolitum·
1048 3538 1124 3617 est,
1151 3521 1233 3598 ebs·

137 3656 214 3735 que
235 3629 337 3703 omni
356 3631 617 3708 ,immutatione
647 3644 851 3733 peragatur.
884 3624 1076 3703 Voluim'us
1104 3630 1233 3705 nobee·

140 3753 299 3840 quenter
325 3753 364 3811 et
389 3733 654 3839 disposuimus,
692 3752 732 3808 ut
766 3732 854 3809 baec
881 3736 957 3837 ipse
985 3758 1123 3810 corona
1150 3759 1234 3808 mo·

140 3844 273 3937 derne,
298 3843 480 3943 inclytum
497 3858 708 3916 nostrorum
733 3866 862 3945 regum
897 3841 1037 3942 insigne
1063 3839 1234 3915 sub-dili·

139 3950 349 4055 gentissima
373 3947 541 4023 custodia
569 3946 742 4047 deinceps
770 3962 937 4022 teneatur
963 3940 1234 4021 et'bonorifice

88 4094 90 4111 =
140 4058 392 4163 relinquntur,
429 4049 809 4157 reputeturquebnen
834 4048 964 4127 eadem
983 4050 1233 4163 coronq,·=illt
