2708 4568
1050 307 1053 314 ·
1132 279 1220 350 ,aas
1306 224 1348 317 ’-

138 490 245 582 tiam,
278 478 530 567 memorabilia
561 489 749 594 designans
788 490 949 582 facinora
977 480 1107 567 contra
1129 491 1221 563 Ger-
1286 543 1289 547 ψ

133 624 264 671 manos
290 615 326 673 et
340 596 540 689 Bohemos,
568 613 605 672 et
622 599 659 670 in
677 596 899 699 gubernium'
912 598 1127 672 Pannonum
1143 621 1223 668 suc·

139 702 291 793 cedens,
318 706 476 777 maxima
502 701 656 777 florebat
674 705 799 805 gloria.
828 706 1018 780 Praeterea
1038 700 1224 804 praeclare
1336 800 1338 804 g

137 836 214 882 rem
232 812 341 910 gessit
358 813 525 883 adversus
543 811 708 901 Tuscos,
724 812 798 910 ‘qui
819 808 1053 912 putabantur,
1071 808 1141 881 nisi
1159 831 1222 880 co-

137 917 207 1016 piis
224 918 388 989 maximis
406 933 442 989 et
465 918 599 990 virtute
623 919 790 1016 superari
813 915 908 989 baud
922 941 1052 1017 posse·
1080 917 1221 1001 Panno·

124 1048 224 1093 num
244 1023 481 1122 gubernium,
500 1047 569 1095 nec
588 1048 662 1094 non
682 1024 884 1096 exercitum
903 1030 1041 1112 e'orum,
1058 1023 1133 1123 ipse
1148 1044 1223 1092 sus·

137 1129 245 1229 cepit.
274 1130 404 1217 'Quum
423 1145 543 1201 autem
572 1129 604 1201 ei
630 1125 835 1202 inviderent
865 1130 997 1228 reliqui
1014 1125 1221 1200 Pannoniae
1296 1217 1299 1220 ¹

139 1234 336 1334 Principes,
358 1260 426 1308 nec
443 1234 519 1316 eius
539 1235 689 1336 imperia
707 1251 957 1337 capesserent,
963 1249 1097 1307 tamen
1117 1232 1224 1306 brevi

138 1339 308 1413 effectum
331 1356 403 1430 est,
442 1355 482 1413 ut
488 1339 720 1440 gubernium
746 1343 949 1462 retineret,
977 1365 1093 1441 quum
1115 1338 1232 1431 etiam⁸
1323 1399 1327 1411 f

137 1445 197 1518 alii
219 1445 269 1517 illi
302 1443 415 1519 insidi
442 1445 718 1537 confiterentur,
754 1451 918 1550 regimen
947 1470 1025 1520 esse
1052 1445 1109 1520 isti
1139 1445 1220 1517 viro

137 1545 459 1644 committendum,
498 1551 615 1653 quod
629 1580 705 1625 non
735 1567 891 1627 cessaret
918 1551 1164 1628 firmissimum
1185 1565 1223 1622 et
1334 1563 1340 1574 “

136 1659 353 1731 tutissimum
374 1674 567 1757 praestare.
602 1658 784 1757 Apparet
791 1676 935 1749 autem,
963 1662 1095 1733 virum
1101 1655 1234 1748 bunc,
1319 1661 1320 1664 '

135 1789 375 1864 quaecunque
406 1778 683 1864 aggressusest,
720 1763 905 1852 effecisse,
941 1788 1045 1836 usum
1073 1779 1111 1837 et
1140 1759 1220 1837 dili·
1308 1840 1310 1842 ,
1349 1802 1352 1811 ·

117 1873 256 1970 gentia
275 1866 444 1971 singulari
472 1883 510 1941 et
530 1867 725 1940 celeritate.
763 1870 975 1958 Praeterea,
1010 1865 1113 1970 quod
1139 1865 1220 1939 ubi·

136 1999 282 2075 cunque
307 1973 450 2045 occasio
476 1972 685 2063 affulsisset,
722 1976 899 2047 continuo
919 1989 1070 2072 praesto
1096 1970 1220 2050 fuerit-

135 2081 230 2155 Sunt
248 2106 312 2180 qur
303 2076 498 2170 tradunt,
536 2076 686 2150 buno
654 2105 772 2151 virum
793 2095 895 2180 peste
916 2077 1094 2152 infectum
1113 2063 1222 2151 obiis-

135 2186 213 2261 su.“
231 2186 299 2258 Jo.
315 2133 548 2288 Capistratius
569 2184 728 2286 epistula
741 2183 789 2266 ad
805 2185 989 2266 Callistum
1007 2185 1069 2259 Ill.
1087 2184 1222 2282 Papam

135 2213 250 2395 (sipud
266 2282 446 2392 Wadding
466 2290 511 2362 ad
530 2318 587 2365 an
606 2290 751 2385 1456.)
758 2291 877 2383 „Et
849 2317 880 2364 st
897 2293 1052 2367 rescita
1073 2289 1220 2392 pleone-³
1284 2305 1295 2325 ·

136 2400 185 2471 rit
199 2397 396 2490 Altissimo,
415 2397 518 2499 'quod
537 2395 583 2470 de
605 2395 728 2475 medio
747 2395 971 2471 sustulerit
949 2423 970 2469 a
990 2394 1098 2470 nobis
1112 2395 1222 2470 illum

135 2504 391 2577 illustrissimae
421 2504 614 2578 memoriae
647 2503 807 2607 pugilem
838 2503 1034 2594 invictum,
1075 2519 1219 2583 sanctae
1336 2540 1339 2548 ·

136 2608 220 2682 fidei
242 2608 439 2685 catholicae
464 2609 630 2685 hostibus
651 2608 940 2702 formidabilem,
968 2606 1219 2728 defensorem,

136 2715 334 2802 Dominum
351 2720 528 2790 Joannem
555 2715 618 2791 de
625 2717 782 2831 Hunyad
804 2743 851 2791 ex
877 2714 942 2806 bac
963 2717 1035 2790 vita
1052 2715 1124 2788 iam
1145 2715 1216 2788 ela·
1258 2753 1259 2756 ¹
1292 2722 1296 2733 '

135 2849 241 2924 psum
266 2823 332 2901 XI.
349 2825 479 2896 mensis
503 2821 634 2896 buius
634 2849 681 2897 ex
704 2841 818 2924 peste.
837 2860 892 2877 -
917 2824 1054 2896 Datum
1074 2821 1221 2896 Szalan·

97 3011 99 3014 v
136 2929 266 3002 lemen
287 2931 346 3002 172
366 2930 518 3028 Augusti
542 2930 772 3020 An.1ttu“
800 2926 999 3030 Dlugossus
1018 2927 1099 3001 Lib.
1118 2926 1234 3005 xm..
1276 2959 1279 2969 ’

136 3030 584 3126 vol.190.:„tohannes
616 3033 663 3107 de
689 3033 868 3132 Hunyad,
893 3059 997 3134 regna
987 3033 1220 3133 Huugariae

137 3140 392 3232 Gubernator,
431 3135 550 3212 mo'rte
581 3137 766 3217 absumtua
789 3156 863 3230 est,
901 3141 960 3212 tir
987 3142 1026 3210 iu
1051 3140 1160 3231 armis
1182 3154 1221 3211 et

137 3246 444 3322 administratione
476 3242 680 3336 belloru,m
718 3270 846 3318 eorum
873 3245 1088 3346 praecipue,
1116 3268 1221 3344 quae

137 3372 266 3427 contra
291 3353 448 3426 Turcos
465 3377 557 3452 pro
554 3346 761 3426 Catholicis
788 3351 959 3454 gerebat,
995 3349 1172 3429 celebris
1182 3365 1220 3421 et

136 3463 256 3567 magni
274 3459 400 3559 pretii,
436 3460 557 3532 cuius.
567 3483 665 3532 mors
688 3482 764 3530 non
790 3459 909 3533 solum
930 3482 1045 3560 regno
1073 3459 1220 3558 Hungu-

117 3567 233 3660 'riae,
267 3564 396 3639 sedet
424 3564 594 3640 universo
615 3561 800 3639 catholico
838 3563 922 3638 orbi
947 3588 1016 3664 pro
1044 3561 1104 3636 illa
1132 3579 1222 3636 tem·
1266 3604 1271 3612 ·

124 3691 273 3775 'pestate
293 3668 469 3744 damnosa
491 3668 576 3743 suit:
602 3679 721 3772 quum
736 3696 844 3744 nemo
861 3673 965 3744 inter
980 3669 1165 3770 Principes
1185 3685 1222 3742 et
1314 3734 1318 3747 ,

128 3781 296 3853 Berones
322 3777 528 3879 Hungariae
555 3792 744 3868 exstaret,
774 3779 839 3880 qui
864 3776 1059 3850 animosius
1085 3777 1224 3851 bellum
1343 3816 1345 3825 π

137 3904 266 3959 contra
279 3886 425 3958 -Turcos
446 3882 636 3984 gereret4‘=
663 3882 806 3957 Aeneas
831 3880 1000 3984 Sylvius,
1033 3884 1117 3957 alias
1144 3881 1221 3954 Hu-

136 3991 271 4098 nyadio
294 3989 483 4095 nonsatis
511 4009 671 4091 aequus,
695 3986 913 4092 epistolaad
932 3984 1158 4071 cardinalem
1183 3986 1222 4063 8.
