2708 4568
131 304 218 405 no

128 559 300 635 [ortonae
319 532 521 610 dtctirDom.
535 538 647 610 nottri
667 538 757 636 regis
775 536 938 626 La‘dislai,
959 530 1207 606 dominiorum

73 729 78 742 Ι
130 664 280 714 auorum
316 643 511 743 tranquillo
544 658 638 715 statu
651 700 672 742 ,s
696 640 798 714 huius
826 640 964 714 diaetae
997 655 1033 712 et
1063 635 1208 735 negocii

130 743 601 836 cordialrssrmrdirectores
627 743 803 834 intentet
819 749 1032 836 existerent,
1059 765 1206 816 eorum·

131 852 213 926 dem
234 844 392 925 unanirni
413 870 501 926 voto
521 855 648 956 ligam,
668 857 839 927 unionem
856 868 893 924 et
911 845 1206 936 confoederatio·

128 983 214 1031 nem,
226 955 506 1036 subintravimus
523 975 560 1032 et
575 961 796 1062 presentium
810 960 935 1062 vigore
952 955 1208 1041 subintramus,

129 1065 266 1155 taliter,
295 1063 396 1166 quod
423 1093 488 1140 nos
510 1065 795 1164 saepefatum-D.
813 1080 978 1162 nostrum
998 1084 1122 1162 regern
1141 1059 1209 1130 La·

129 1169 290 1261 dislnnm,
310 1162 465 1244 unacum
480 1172 646 1274 predicta
664 1198 803 1246 corona
824 1168 1063 1272 regni‘Hung.
1081 1162 1210 1238 divino

103 1351 104 1354 ,
128 1277 277 1365 auxilio,
303 1287 455 1378 totoque
473 1302 584 1380 posse
596 1296 721 1369 nostro
741 1298 866 1350 rerum
885 1289 922 1349 et
947 1280 1210 1374 persenarutn,

82 1394 86 1399 ’
130 1380 321 1483 modisque
333 1383 411 1456 aliis
429 1382 475 1455 ad
486 1383 557 1458 hoc
569 1385 779 1458 necessariis
791 1401 827 1456 et
845 1381 1071 1484 opportunis,
1084 1399 1211 1477 quem·

131 1486 328 1576 admodum
346 1485 393 1561 ad
419 1487 459 1562 id
484 1488 677 1564 Serenitati
700 1515 785 1564 suae
814 1515 860 1569 ex
883 1488 972 1559 iuris
991 1490 1039 1557 'et
1055 1479 1213 1566 ¹honoris

48 1592 53 1607 '
133 1609 171 1667 et
192 1590 370 1666 fidelitatis
392 1592 519 1678 debito
537 1621 658 1670 sumus
674 1597 830 1698 religati,
849 1618 934 1667 cum
952 1590 1100 1680 auxilie,
1122 1611 1213 1662 con-

133 1700 215 1774 silio
233 1715 270 1772 et
288 1696 684 1776 adhaesione'omnium
702 1702 866 1790 iliorum,
895 1723 987 1800 quos
1007 1695 1072 1792 ubi
1090 1697 1129 1766 in
1145 1690 1212 1764 hac

134 1812 174 1878 re
195 1801 313 1877 adhuc
333 1808 575 1909 inposterum
593 1811 777 1913 aggregari
799 1803 1043 1906 contingeret,-
1071 1796 1119 1871 de
1137 1823 1213 1870 ma-

133 1909 242 1987 nibus
263 1909 415 2012 praefati
431 1908 477 1985 D.
496 1913 751 2008 Romanorum·
761 1914 880 2014 Regis
887 1966 896 2003 ,
926 1935 967 1982 ac
986 1906 1133 1981 alterius
1151 1928 1213 1977 cu*

133 2021 352 2117 iuscunqu'e,
390 2019 453 2121 qui
481 2021 610 2123 ipsum*
624 2021 770 2124 praeter
800 2017 1025 2092 voluntatem
1052 2025 1212 2085 nostram

136 2122 367 2214 detinuerint,
388 2124 529 2224 eripere
551 2141 589 2199 et
608 2127 646 2198 in
667 2150 730 2201 sua
749 2125 838 2200 solia
854 2139 1026 2226 paterna,
1046 2116 1213 2216 ducatus·

136 2243 210 2332 que
231 2244 267 2302 et
288 2227 448 2336 dominia
465 2230 622 2318 liberum
644 2210 882 2306 introducere'
899 2241 938 2302 et
949 2248 1150 2330 reponere,
1172 2248 1214 2295 ac

136 2336 257 2408 omnin
270 2333 445 2432 videlicet
459 2338 596 2432 castra,
617 2337 790 2413 fortalitia
808 2352 845 2410 et
860 2334 957 2426 alia,
976 2353 1216 2436 quaecunque

136 2446 219 2543 post
246 2440 389 2515 obitum
410 2436 608 2544 saepedicti
623 2445 669 2519 1).
688 2445 833 2521 Alberti
854 2432 968 2543 regis,
1002 2463 1071 2542 per
1093 2438 1215 2540 ipsum

135 2547 184 2621 D.
205 2570 328 2649 regem
340 2547 596 2641 Romanorum
624 2575 667 2623 ac
684 2548 731 2624 D.
748 2550 942 2625 Aibcrtum
965 2545 1127 2635 Ducem,
1144 2539 1217 2615 fra-

137 2669 230 2726 trem
254 2677 379 2746 suum,
414 2677 479 2728 seu
501 2680 741 2759 qmscrmque
769 2655 819 2731 ad
843 2678 906 2728 eos
925 2651 1167 2754 pertinentes,
1195 2673 1217 2749 c

101 2804 106 2816 ι
137 2756 276 2860 regnis,
303 2754 494 2834 ducatibus
518 2777 562 2843 et
584 2758 752 2842 dominiis
768 2756 1084 2866 praefati'Domini
1099 2754 1217 2829 nostri

137 2862 230 2972 regis
254 2861 411 2938 Ladislai
443 2867 743 2972 qualitercunque
776 2880 972 2969 occupata,
1009 2861 1055 2940 ab
1087 2884 1242 2935 eorum·

24 2979 26 2986 '
124 2967 303 3044 manibus
327 2995 566 3076 recuperare,
597 2978 726 3079 eteis,
753 2998 912 3078 quorum
930 2985 1033 3060 sunt,
1051 2966 1218 3053 ¹reddere

137 3074 304 3151 volumus
330 3091 368 3151 et
396 3078 601 3179 debeamus.
636 3082 734 3158 Casu
760 3097 900 3170 autem,
927 3075 1029 3179 quod
1054 3071 1218 3177 praefata

71 3224 73 3229 ·
124 3182 258 3285 regna,
270 3177 476 3261 ducatuset
494 3188 652 3263 dominia
666 3215 708 3263 ac
719 3189 884 3291 ipsorum
898 3181 1040 3285 incolae
1058 3197 1095 3254 et
1112 3205 1226 3280 praev

73 3309 75 3314 ·
137 3287 200 3363 tati
218 3290 367 3364 Domini
383 3292 667 3370 Ciliae'Comites
685 3321 727 3368 ac
745 3318 872 3368 eorum
891 3288 1062 3378 dominia,
1087 3286 1221 3387 aliique

139 3397 362 3507 quicunque,
382 3395 483 3472 dicto
499 3393 545 3483 D.
562 3418 689 3476 nostro
709 3400 786 3504 regi
800 3395 967 3483 Ladislao
984 3391 1220 3467 adhaerentes

127 3503 421 3602 ‘praemissorum
436 3506 651 3601 occasione,
680 3506 743 3581 lite
762 3522 825 3580 aut
843 3502 991 3607 querela
1009 3528 1030 3571 a
1051 3523 1221 3601 quocun·

129 3626 212 3708 ¹(tue
230 3605 371 3682 arduati
389 3609 537 3710 fuerint,
560 3610 693 3688 amodo
708 3606 870 3710 ''inantea
888 3625 1109 3712 quocunque
1130 3620 1221 3679 tem·

139 3718 269 3812 pontin
289 3725 484 3817 processu&
509 3718 613 3820 quod
632 3744 730 3795 nunc
750 3744 864 3796 unum
880 3738 1049 3818 regnum,
1070 3708 1223 3787 ducatio

140 3823 177 3892 et'
193 3817 356 3895 dominia
378 3823 481 3903 alteri
501 3850 636 3927 regno,
668 3824 812 3902 ducatui
834 3852 876 3900 ac
897 3818 1082 3912 dominio,
1110 3830 1150 3891 et
1169 3817 1223 3900 tic'

141 3928 261 4000 onitin
277 3930 472 4031 praemissa
489 3954 601 4037 regno
620 3926 1004 4038 contraquoscunque
1023 3939 1061 3998 ct
1079 3924 1221 4024 signan-

140 4043 203 4109 ter
221 4029 390 4105 adtonsus
409 4034 609 4145 praefattnn
617 4039 817 4116 Dominum
832 4046 954 4139 regem
969 4030 1223 4105 Romanorum
