2708 4568
65 558 71 608 l

33 281 208 409 ‘rea

131 542 222 621 pora
241 518 335 593 vitae
353 542 457 612 suae,
480 513 578 592 fideli
602 541 744 618 semper
761 511 1017 608 sollicitudinis
1034 509 1218 614 diligentia

129 623 419 730 inseperabiliter
437 622 618 719 adhaesit,
633 634 710 728 pro
727 624 830 707 cuius
852 623 962 695 etiam
979 617 1131 696 honoris
1148 646 1219 694 am·

50 764 58 782 ,
119 730 365 833 amplitudine
391 734 545 834 seepius·
558 733 685 834 capitis
702 727 907 832 periculum
927 725 1030 804 bello
1051 743 1089 801 et
1107 728 1218 803 armis

1 915 3 932 y
130 836 229 915 adiit.
252 836 345 920 Lod.
364 837 487 913 Posth.
511 837 609 940 Dipl.
631 861 711 912 nro.
731 835 852 910 LXIL
887 856 893 866 ‘
996 950 998 955 Ι

232 1031 565 1106 Annis1431-4.
590 1030 715 1102 aetatis
732 1030 908 1102 -45-48.
944 990 1219 1132 Sigismundum

126 1136 329 1214 Mediolani
361 1163 538 1212 coronam
564 1133 718 1210 ferream
747 1150 1018 1254 suscepturum,
1052 1152 1217 1228 secutus,

58 1261 71 1273 '
131 1244 199 1320 sub
216 1243 385 1349 Philippo
408 1247 513 1317 Duce
534 1241 802 1316 Mediolanensi
821 1242 970 1315 servitia
987 1242 1106 1316 obivit
1126 1241 1224 1314 mili·

133 1354 240 1425 toria:
277 1353 346 1443 „In
362 1351 469 1424 Italia
491 1346 590 1432 duos„
610 1373 724 1422 annos
749 1346 817 1422 sub
833 1349 937 1422 Duce
956 1346 1220 1444 Mediolanensi

103 1472 105 1476 ’
136 1455 316 1557 stipendia
339 1457 496 1548 meruit,
525 1481 609 1527 nam
625 1453 898 1556 sigismundum
913 1456 951 1526 in
964 1455 1104 1528 Italiam
1120 1479 1220 1528 secu⁴

131 1576 191 1636 tus
207 1564 388 1635 remansit.
407 1603 459 1618 -
470 1561 596 1635 Munia
609 1586 796 1662 quaequae
810 1559 959 1635 militiae
979 1558 1220 1636 honorificen-

131 1668 267 1741 tissime
285 1669 403 1769 gissit3
438 1692 486 1740 ex
504 1666 606 1741 bono
629 1681 769 1768 tyrone
784 1667 887 1739 miles
906 1665 1145 1763 fortissimus,
1174 1690 1219 1745 ex
1247 1678 1254 1691 ‘

130 1773 243 1848 milite
264 1775 466 1876 imqerator
486 1775 646 1875 optimus
665 1776 820 1848 emersit.
849 1773 919 1887 Pap
937 1773 1098 1878 singulos
1120 1771 1219 1849 ordi·

131 1905 196 1954 nes
213 1881 309 1954 miro
330 1879 445 1954 laudis
464 1895 501 1953 et
518 1880 656 1982 gloriae
676 1894 844 1955 successu
862 1882 933 1953 iam
950 1895 1116 1975 evectus,
1135 1905 1219 1982 pro·

132 1988 270 2061 vincias
298 2011 382 2061 cum
408 1988 565 2086 imperio
588 1982 718 2061 sortiri
747 1986 921 2089 coepit‚“
959 1987 1010 2060 ait
1034 1985 1218 2062 Boulinius

134 2088 226 2170 Dec.
245 2094 306 2167 ΙΙΙ.
326 2093 424 2168 libro
444 2094 510 2170 IX.
527 2091 591 2166 Cf.
607 2090 855 2196 Thuroezium
875 2093 959 2167 loco
973 2091 1218 2195 praelaudato.

106 2301 136 2403 ’,-
197 2283 226 2397 ’,
249 2307 365 2392 Annis
392 2318 585 2390 slas-r.
619 2317 743 2398 aeratis
770 2316 937 2393 'so-52.
968 2296 1222 2424 inprovisus

56 2514 58 2516 v
135 2422 305 2517 Serviae,
344 2424 467 2525 copias
490 2420 748 2525 Belgradenses
782 2422 974 2518 ductabat,
1016 2428 1221 2527 primasque

137 2530 288 2626 messuit
313 2526 360 2624 de
376 2531 506 2601 Turcis
529 2531 706 2603 victoriae
728 2532 879 2630 palmast
908 2530 1039 2624 „Vnde
1056 2552 1222 2612 reversus

138 2633 332 2740 profectus
350 2635 449 2707 venit
473 2631 519 2704 ad
536 2633 784 2708 Triballorum
803 2634 1052 2731 (Serviorum)
1069 2640 1221 2710 Ducem.

139 2737 315 2816 Mercede
331 2755 452 2814 autem
468 2738 692 2833 conductus,
717 2741 827 2844 longo
843 2743 1040 2833 admodum
1054 2761 1222 2847 tempore

139 2845 236 2948 apud
259 2843 356 2918 hunc
373 2845 505 2919 ducem
519 2863 682 2921 versatus
703 2863 776 2941 est,
804 2849 961 2952 ubique,
989 2873 1240 2952 quocumque*

54 3006 67 3022 .»
139 2957 365 3047 mitteretur,
383 2951 638 3028 fortitudinem
657 2970 694 3028 et
712 2952 933 3060 diligentiam
949 2956 1229 3031 memorabilem.

140 3057 381 3152 ostendenS,“
405 3060 468 3132 'ait
496 3057 813 3160 Chalcocondylas
843 3064 865 3136 l.
895 3089 926 3136 c.
964 3065 1074 3137 Anno
1109 3056 1229 3135 1437.'

54 3243 55 3247 ,
133 3162 318 3242 consertis
344 3189 429 3239 cum
456 3167 587 3240 Turcis
611 3170 655 3240 in.
678 3167 926 3243 defensionem
949 3171 1058 3243 castri
1074 3170 1223 3270 Belgra·

143 3273 294 3362 diensis,
323 3273 452 3362 armis,
479 3274 590 3346 caesis
615 3272 693 3348 fere
711 3275 948 3378 quadraginta
972 3301 1102 3349 eorum
1118 3273 1251 3363 milli,

23 3378 30 3397 ¹
61 3396 70 3401 ’
127 3379 232 3471 bus,
261 3401 303 3450 δῦ
321 3393 478 3479 quatuor
493 3380 699 3481 praecipuis
714 3408 844 3455 eorum
870 3381 1046 3485 ducibus>
1077 3383 1142 3484 ‘lui
1158 3407 1221 3481 P⁰‘

141 3500 217 3558 stea
234 3486 384 3585 Pragam
407 3481 555 3558 adducti
578 3501 681 3579 sunt,
710 3487 942 3590 interceptis3
965 3491 1141 3564 Amurate
1158 3489 1223 3563 hac

139 3588 245 3665 clade
263 3589 415 3682 affecto,
443 3616 515 3694 qua
532 3589 621 3669 belli
644 3593 730 3666 Dux
754 3596 931 3668 inclaruit.
968 3592 1061 3669 Vide
1088 3595 1222 3672 Hister.

140 3698 254 3771 Ture.
273 3696 310 3769 la
325 3697 461 3790 Croni,
486 3694 582 3800 apud
599 3695 732 3774 schulz
750 3701 789 3774 P.
807 3701 835 3774 l.
859 3726 896 3801 p.
920 3705 1005 3777 199.

171 3995 174 3999 ⁵
216 3895 348 3968 'Anno
372 3899 483 3972 1439.
501 3901 624 3973 aetatis
645 3906 706 3974 54.
733 3902 780 3976 ab
798 3903 972 3998 Albano,
999 3905 1225 4004 Imperatore

141 4013 178 4068 et
196 4000 401 4103 Hungariae
419 4005 545 4109 Rege,
562 4004 632 4104 :ad
654 4009 874 4110 Baronaturn
898 4014 1025 4113 regni,
1050 4014 1226 4114 Banatum
