2708 4568
159 304 235 390 stt

94 493 98 499 ᾗ
154 513 311 588 loannes
334 508 381 584 de
404 507 586 610 Hunyad,
622 511 725 612 regni
749 509 955 613 Hungariae
980 452 1239 608 efflator,
1265 552 1268 557 .

156 618 365 695 mandamus
391 611 494 690 vobis
517 614 736 708 firmissime,
766 630 809 689 ut
825 617 947 689 statim
964 618 1238 721 visispraesen·

155 726 274 818 tibus,
312 738 425 797 totam
450 724 667 825 pecuniam,
703 749 787 796 cum
805 749 877 823 qua
895 719 1122 824 Stephanus,
1144 725 1238 819 filius

153 833 264 923 Bari,
296 844 357 902 aut
384 827 575 902 familiares
602 845 639 902 et
666 827 905 932 iobbagiones
937 831 993 903 sni
1015 857 1086 933 pro
1113 834 1235 936 pretio

151 937 279 1011 salium
305 932 531 1037 obligantur,
565 935 779 1037 recolligere
809 933 977 1009 citissime
1008 935 1173 1013 debeatis
1199 955 1236 1012 et

152 1061 236 1146 post
260 1064 327 1115 nos
348 1065 473 1114 versus
492 1039 693 1113 Zaazsebes
711 1041 883 1142 portetis,
906 1065 1033 1141 ymmo
1051 1045 1161 1118 etiam
1188 1042 1235 1117 ab

151 1144 438 1253 possessionibus
458 1144 615 1219 aliorum
638 1147 807 1249 exigatis,
835 1147 901 1246 qui
918 1143 1127 1248 obligantur
1149 1177 1234 1225 cum
1278 1158 1280 1165 '

16 1263 20 1271 '
48 1232 55 1243 ⁶
130 1292 134 1304 »
150 1256 271 1356 pretio
287 1254 412 1327 salium
431 1251 709 1352 praetactorum.
736 1251 776 1325 Si
796 1274 890 1325 vero
902 1251 997 1325 idem
1015 1251 1240 1357 Stephanus,-

151 1359 246 1437 lilius
265 1361 374 1450 Bani,
404 1382 478 1430 non
500 1355 609 1430 faciet
634 1355 680 1430 de
701 1358 773 1465 suis
797 1357 1089 1459 possessionibus
1114 1362 1233 1437 exsol-

150 1493 236 1540 vere
253 1468 364 1566 ipsam
389 1463 600 1564 pecuniam3
635 1479 771 1537 extunc
799 1465 839 1536 in
863 1462 983 1538 veloci
1007 1488 1119 1539 cursu
1145 1468 1233 1567 equi

149 1570 257 1644 nobis
273 1569 484 1659 intimetis,
531 1571 617 1669 quia
646 1594 712 1643 nos
736 1593 816 1644 suas
843 1569 1083 1670 possessiones
1109 1576 1235 1647 statim

150 1677 324 1777 occupari
343 1672 548 1748 faciemus·
567 1676 756 1748 Praeterea
774 1671 866 1748 dixit
884 1674 989 1748 nobis
1007 1675 1230 1772 Matthaeus,

148 1786 269 1856 socius
286 1774 426 1871 vestem
456 1777 558 1880 quod
579 1778 630 1852 ibi
648 1781 685 1851 in
705 1782 799 1853 Dees
816 1777 1029 1855 haberemus
1050 1784 1149 1858 mille
1168 1783 1231 1858 ba·

149 1883 232 1958 bata
259 1885 390 1981 (soleas
416 1884 582 1985 equinas)
608 1886 670 1990 illa
693 1883 800 1960 nobis
826 1888 992 1987 portetis*
1009 1888 1115 1963 simul
1148 1917 1231 1964 cum

148 1991 270 2066 somfis
296 1992 354 2067 vel
378 1991 573 2067 claviculis.
591 2035 645 2047 -
674 1993 809 2064 Datum
834 1995 871 2065 in
896 1992 1168 2099 Zenthagotba,
1193 1998 1232 2070 in

147 2096 240 2173 sesto
261 2098 499 2175 Assumtionis
524 2099 565 2174 B.
582 2086 644 2174 Μ.
673 2099 718 2172 V.
742 2123 835 2170 anno
865 2099 1014 2173 Domini
1038 2103 1230 2177 Millesimo

147 2205 438 2280 CCCCXLVIII.
914 2225 916 2230 ⁴

192 2357 214 2415 ll
231 2351 361 2437 cymelio
378 2348 454 2412 Bibl·
472 2348 724 2434 Quinqueeccles.

620 2561 754 2638 xant.
793 2577 796 2582 ·
868 2514 878 2526 ’

71 2784 74 2789 ἱ
139 2697 235 2777 ΙΙᾰοιιι
249 2697 448 2760 Gubernator
466 2718 524 2757 cur
542 2696 656 2758 bellum
673 2712 784 2762 rantra
804 2708 923 2766 turcae
937 2726 1019 2770 anno
1029 2689 1091 2772 boe
1106 2720 1233 2774 moveri-¹

243 2800 319 2862 dum
331 2798 453 2861 duxerit
467 2801 600 2861 atram
622 2803 660 2864 V.
678 2806 739 2863 PP.
757 2807 891 2870 intimat.
912 2807 974 2875 An:
991 2809 1084 2874 1448,

186 2929 191 2936 ’
245 2939 455 3014 Beatissimo
471 2939 576 3014 Pater
593 2942 795 3016 etDomine
813 2947 1120 3026 metuendissimel
1147 2951 1231 3028 Ido-

149 3072 219 3122 neo
252 3063 398 3121 oratore
415 3072 504 3148 ,pro
539 3044 710 3150 dignitate
747 3050 801 3122 rei
839 3052 996 3154 agendae
1020 3058 1232 3134 Venerabili

152 3154 251 3228 Patri
270 3151 424 3253 Nilcolao
445 3152 594 3228 Decano
617 3154 868 3256 superioribus
890 3151 1018 3236 diebus
1042 3165 1230 3259 instituto,
1280 3191 1283 3202 ·

143 3259 246 3363 quid
269 3257 473 3333 devotionis
499 3279 656 3362 regnum
674 3258 745 3334 hoc
765 3287 849 3365 erga
864 3265 964 3340 Beat.
981 3266 1025 3344 V.
1041 3267 1229 3364 habuerit,

153 3366 262 3470 plene
290 3362 527 3468 significatum
548 3382 652 3465 puto.
674 3402 728 3419 -
746 3366 901 3471 Semper
922 3373 1017 3446 enim
1035 3380 1231 3479 praecipua

154 3497 268 3575 opera
289 3473 326 3543 in
346 3469 385 3545 id
405 3468 569 3543 adbibita
591 3469 677 3565 tuit,
713 3487 753 3546 ut
772 3470 877 3568 haec,
913 3503 1007 3578 quse
1031 3483 1128 3557 inter
1151 3485 1231 3586 pri·

21 3600 25 3607 ·
151 3602 228 3650 mas
253 3578 402 3653 virtutes
424 3591 501 3663 est,
536 3572 626 3652 fides
652 3603 695 3652 ac
714 3575 861 3654 devotio
888 3609 972 3685 erga
994 3588 1231 3689 apostolicam

150 3681 275 3756 sedem
301 3709 375 3756 uno
404 3696 442 3757 et
472 3681 593 3756 stabili
624 3698 751 3759 tenore
778 3706 991 3764 servaretur.
1037 3692 1231 3768 Praeterea

149 3784 238 3860 nihil
257 3789 549 3890 praetermissum
570 3788 709 3862 credidi
725 3791 801 3887 eius
818 3794 886 3867 viri
899 3791 1104 3897 prudentia,
1122 3797 1230 3901 quid·

148 3892 240 3994 quid
258 3891 348 3986 dici,
378 3894 625 3998 explicarique
654 3893 780 3971 debuit
805 3914 868 3971 aut
884 3903 1022 4003 potuit,
1051 3921 1089 3978 et
1108 3905 1154 3981 dd
1175 3909 1230 3979 in·

147 4000 306 4073 tentione
332 4014 368 4073 et
392 3998 526 4104 fiducia
549 4013 686 4078 nostra.
723 4001 813 4078 ltem
836 4028 946 4106 quam
963 4009 1027 4111 pio
1052 4034 1150 4084 nunc
1173 4041 1230 4087 ar·
