2708 4568
1176 330 1224 399 ts

136 534 243 610 nodo
260 531 454 641 prosperis
474 529 658 605 interdtun
671 531 864 607 contrariis
886 530 1095 608 revolvatur
1116 559 1225 607 even·

139 642 250 730 tibus;
273 638 418 715 iudicet
435 646 577 731 autem,
597 658 679 732 oro,
703 640 802 713 Deus
822 639 898 741 ipse
917 665 1046 714 eorum
1069 656 1223 743 partem,

142 736 157 824 i
177 748 307 851 quibus
325 758 427 820 tanta
439 742 673 818 christianum
687 745 866 849 populum
884 747 1124 839 circumvenit
1143 745 1227 818 illu-

110 900 112 907 ·
145 856 204 930 sio.
230 853 343 929 Multi
358 852 495 927 etenim
510 851 761 925 circumvicini
777 850 990 955 Principes,
1009 869 1119 956 puta,
1136 853 1226 925 utri·

148 955 251 1064 usque
267 956 483 1050 Valacliiae,
518 958 607 1031 itam
628 955 674 1032 de
692 958 861 1061 Bulgaria
890 959 1078 1050 nonnulli,
1093 974 1228 1034 'caete-

150 1094 221 1140 nun
239 1066 286 1142 de
302 1050 459 1143 Albania
477 1089 587 1165 quam
606 1062 748 1164 plures,
764 1090 806 1161 ac
827 1059 873 1136 de
891 1065 1224 1167 Constantinopoli,

110 1262 112 1269 Ι
153 1174 293 1274 plurima
318 1169 417 1245 unde
445 1194 594 1273 quaque
613 1180 799 1243 armorum
819 1168 1091 1272 pollicebantur
1111 1170 1228 1243 subsi-

156 1279 222 1370 dia,
246 1275 524 1377 invitabantque
545 1300 612 1349 nos
628 1276 812 1378 pennatis,
840 1289 882 1349 ut
901 1278 1023 1368 aiunt,
1053 1275 1228 1352 advolare
1318 1310 1324 1319 ⁷

156 1383 319 1488 pedibus,
346 1397 489 1458 caetera
509 1382 631 1455 omnia
650 1379 787 1456 ibidem
806 1382 955 1483 provisa
975 1408 1063 1460 esse.
1100 1383 1228 1459 Parui-

157 1519 223 1565 mus
250 1488 415 1581 tandem,
451 1502 556 1562 tanta
580 1488 752 1565 solicitati
777 1484 929 1582 fiducia,
963 1491 1145 1565 movimus
1164 1516 1224 1564 ca·
1261 1507 1271 1520 “

159 1615 239 1689 stra,
269 1596 357 1670 fines
374 1593 535 1670 hostium
559 1594 821 1697 transegimus,
849 1588 1009 1670 restabat
1031 1596 1071 1671 id
1090 1596 1229 1692 solum,

126 1790 130 1795 ι
160 1720 191 1776 ιιι
207 1704 380 1807 promissa
407 1701 664 1805 opperiremur
686 1699 836 1796 auxilia,
862 1700 929 1776 ubi
945 1702 1128 1803 pendente
1144 1728 1229 1807 spe,

110 1868 113 1879 .
161 1808 308 1883 lietenus
335 1808 445 1910 mgis
473 1820 529 1880 ac'
544 1806 657 1909 magis
684 1808 884 1885 introrsum
910 1808 1085 1912 progredi
1111 1810 1230 1883 visum

161 1912 226 1989 luit.
253 1917 454 1991 Paruerant'
472 1911 544 1988 ltoc
568 1911 691 1987 medio
718 1914 893 1988 nonnulla
919 1932 1038 1990 castra
1062 1913 1227 1991 manibus
1345 1943 1348 1949 ’

160 2024 299 2114 nostris,
336 2006 622 2123 eaeteraautem
646 2017 766 2112 ferro,
801 2013 1026 2123 incursuque
1044 2047 1230 2126 expugna·

125 2208 129 2231 Ι
159 2131 281 2222 vimus,
317 2126 403 2212 dum
432 2151 518 2201 ecce
537 2127 701 2200 omnium
726 2124 1012 2227 quasifrustrati
1034 2127 1175 2200 auxilio
1182 2142 1234 2202 et

120 2226 126 2313 ἶ
160 2236 246 2309 omni
264 2226 474 2339 provisione
493 2234 596 2306 vacui
614 2228 769 2307 vidimus
793 2232 1014 2336 insperatam
1032 2258 1157 2307 rerum
1181 2232 1232 2307 fa·

160 2341 259 2435 ciem,
296 2336 452 2415 'vidimus
480 2362 630 2441 quoque
653 2354 946 2443 supratactorum
962 2339 1173 2441 Principum
1193 2341 1232 2412 in

160 2444 273 2524 lacre
298 2447 435 2548 optima
450 2445 645 2548 'pessimam
668 2445 778 2521 nobis
802 2444 913 2546 plecti
930 2447 1147 2540 amicitiam,
1176 2446 1230 2522 vi·

159 2552 265 2629 dimus
287 2550 445 2655 denique
464 2549 626 2655 pollicita
644 2548 751 2647 nobis
778 2541 959 2651 subsidia,
987 2554 1174 2659 eregione
1193 2553 1248 2629 in·
1340 2542 1343 2547 ’

158 2658 292 2737 insidias
322 2654 552 2733 convolasse:
589 2684 664 2761 quo
684 2674 795 2763 paeto
815 2655 901 2733 dum
922 2662 1111 2765 propriam
1130 2656 1231 2734 domi

155 2758 392 2870 negleximus,
424 2762 516 2838 male
542 2764 671 2839 militia
696 2767 824 2864 armati
850 2765 985 2840 fuimus
1004 2768 1131 2842 aliena.
1157 2767 1231 2842 Ve-

148 2900 228 2946 rum
246 2872 359 2975 paulo
377 2886 466 2945 'ante
496 2870 619 2945 multis
648 2871 780 2945 evectis
804 2872 949 2972 spoliis,
977 2873 1098 2946 multis
1122 2874 1232 2949 illatis

153 2978 321 3054 caedibus
341 3003 382 3053 ac
409 2975 548 3050 damnis
569 2976 758 3080 irrogatis,
785 2992 996 3077 poteramus
1019 2972 1131 3053 illaesi
1154 2977 1232 3052 fere

126 3116 132 3179 g
153 3083 308 3160 hostium
323 3082 516 3158 declinare
544 3107 799 3184 congressum,
839 3079 903 3154 sed
921 3080 1051 3184 puduit
1070 3084 1227 3187 incepti,

153 3218 216 3291 pro
244 3189 391 3266 Christo
414 3189 617 3295 propositi,
652 3187 846 3290 quominus
876 3166 966 3260 illud
994 3213 1244 3295 prosequere,
1277 3190 1282 3201 ’

112 3234 127 3399 ι,
153 3325 231 3370 mur
248 3296 464 3400 negocium,
494 3298 621 3396 inquo
639 3310 677 3367 et
693 3294 791 3368 vinci
810 3309 847 3367 ct
863 3294 1007 3369 vincere
1024 3322 1138 3400 aeque
1154 3320 1234 3369 cre·

114 3398 118 3427 ¹
155 3400 307 3504 didimus
331 3426 409 3477 non
433 3402 640 3504 inglorium.
668 3402 797 3504 Itaque
815 3417 971 3509 occupat
987 3428 1075 3476 mox
1100 3424 1234 3507 oppor-

154 3503 339 3615 tunitatem
365 3508 425 3613 p'ia
447 3508 651 3599 temeritas,
688 3525 725 3581 et
753 3505 799 3580 ad
826 3506 1014 3582 subeunda
1032 3509 1234 3610 periculae

156 3617 301 3721 vestigio
328 3616 436 3717 proni
456 3614 695 3717 exsurgimus.
732 3616 841 3688 Fiunt
870 3615 1042 3716 utrinque
1064 3639 1234 3716 congres·
1313 3706 1319 3719 .

118 3716 121 3721 ’
158 3746 209 3796 sus
226 3725 385 3825 impares
407 3726 584 3815 numero,
614 3718 680 3794 sed
698 3718 835 3814 fortes,
862 3737 1044 3824 pugnatur
1066 3717 1112 3794 ad
1143 3719 1234 3794 lucis
1315 3741 1321 3748 ·

159 3853 339 3934 vesperam
367 3823 576 3931 'occiditque
600 3826 656 3900 sol
679 3826 815 3928 pariter
833 3841 871 3900 et
891 3825 1036 3900 bellum
1063 3829 1236 3903 Attamen

159 3933 378 4014 inefficacem
398 3931 507 4010 nobis
525 3958 686 4038 pugnam
705 3929 886 4034 reddidit,
913 3956 1040 4007 recens
1061 3933 1236 4008 continue

117 4041 350 4121 inultitudo
369 4040 598 4146 irrumpens,
628 4063 701 4142 qua
724 4062 800 4112 non
818 4036 904 4114 victi
931 4034 1093 4135 tantum,
1122 4062 1238 4147 quan-⁶
