2708 4568
1166 322 1243 401 21³

156 534 240 599 ram
254 517 415 623 lidelium
432 520 599 599 salutaria
617 522 749 601 emittit
768 539 870 621 vota,
885 524 1063 603 'salum
1079 525 1239 631 spondet

156 625 344 732 obsequia.
378 620 625 732 Significatum
648 631 746 709 enim
766 648 820 706 est
836 630 943 710 nobis
957 632 997 708 S.
1016 632 1054 709 P.
1073 634 1240 737 complu·

153 732 260 810 ribus
281 736 476 839 scripturis
493 752 531 811 et
544 736 692 830 litteris,
704 812 707 817 ,
717 746 795 838 'quo
811 754 924 843 pacto
946 752 984 812 et
998 734 1074 843 quo
1090 734 1237 819 fertore

142 838 195 923 .S.
211 840 258 917 V.
275 842 375 917 inter
395 844 472 947 ipsa
496 842 552 917 sui
578 839 814 918 Pontificatus
841 845 1021 949 principia
1047 870 1087 920 se
1112 863 1149 921 et
1173 854 1237 924 sua

150 932 260 1023 saluti
289 946 453 1037 fidelium
476 946 688 1040 devoverit,
720 946 885 1053 quidque
906 953 1115 1053 promiserit
1136 953 1235 1030 circa
1291 954 1351 1017 Τ

149 1052 412 1131 exaltationem
439 1052 639 1159 catholicae
664 1051 769 1149 fidei,
799 1054 890 1157 quid
916 1082 990 1161 pro
1017 1055 1235 1137 liberatione

97 1216 100 1221 .
149 1159 307 1235 civitatis
340 1161 759 1261 Constantinopolitanae
793 1168 914 1267 nuper
944 1157 993 1237 ab
1024 1161 1233 1241 infidelibus

147 1280 277 1369 captae
294 1282 335 1355 et
353 1266 443 1371 quid
462 1268 602 1371 pariter
623 1264 880 1371 intendatpro
906 1266 1121 1345 eorumdem
1152 1270 1233 1347 inli-

147 1366 288 1448 delium
301 1370 356 1447 al)
371 1377 520 1477 Europa
537 1398 583 1448 ex
610 1373 763 1450 ulcione
791 1374 924 1483 Magna
943 1391 1044 1452 certe
1066 1374 1243 1479 totilas

145 1476 204 1569 ius
221 1476 399 1583 dignitas,
420 1504 548 1585 magna
570 1398 733 1584 algnana
750 1482 804 1557 sic
824 1484 1000 1559 voventis.
1025 1482 1126 1559 Haec
1147 1498 1234 1563 sunt

135 1576 249 1688 'signa
269 1588 389 1683 sera,
402 1584 492 1662 haec
509 1584 608 1661 clara
630 1586 768 1662 indicia
790 1588 993 1691 apostolico
1011 1608 1160 1695 pastore
1174 1588 1231 1667 dib

142 1702 234 1795 gna,
260 1694 328 1795 qui
343 1718 421 1769 non
436 1696 520 1766 ante
533 1691 643 1768 nobis
664 1719 832 1797 praeesse
849 1697 994 1798 coepit,
1013 1722 1124 1799 quam
1143 1722 1231 1799 pro-

142 1819 220 1877 mte
239 1796 377 1895 voluit,
403 1796 684 1901 praedestinavit
709 1798 881 1901 equidem
897 1798 1040 1875 afflictis
1057 1799 1228 1879 fidelibus

141 1917 267 2005 aperta
289 1904 438 2007 pietatis
455 1902 640 1997 remedia,
677 1919 718 1979 ct
739 1906 779 1978 in
800 1907 879 2008 ipso
895 1904 1002 1981 ‘simul
1016 1908 1223 1983 vocationis

140 1998 230 2089 aute
261 2008 416 2087 exordio
447 2011 690 2087 miserationis
716 2020 803 2087 suae
828 2008 948 2089 officia
973 2013 1225 2119 praesignarit.
1261 2080 1263 2085 .

139 2112 272 2189 Restat
287 2140 333 2191 cx
352 2114 451 2193 dono
472 2118 643 2212 Domini,
667 2134 709 2191 ut
733 2142 810 2220 quo
828 2119 1041 2196 voventein
1057 2116 1229 2225 iis'rebus

87 2272 89 2277 ,
121 2214 274 2315 ¹,eodeni
283 2238 322 2297 et
331 2220 531 2301 executore
547 2222 776 2325 gaudeamus.
794 2224 980 2327 Quantum
990 2238 1110 2307 autem
1126 2249 1226 2301 nunc

137 2350 250 2429 quam
276 2344 441 2406 exneme
465 2329 646 2431 praesidio
675 2326 713 2404 S.
733 2330 776 2403 V.
801 2322 990 2433 aerumosa
1011 2326 1226 2405 christiano·

134 2457 223 2531 rum
240 2432 408 2510 conditio
424 2435 594 2539 indigeat,
613 2438 754 2511 tametsi
771 2436 809 2509 Β.
830 2436 875 2511 V.
891 2432 1130 2513 attentionem
1146 2462 1223 2511 non
1246 2443 1256 2456 '

135 2534 281 2635 lateat,
298 2542 450 2645 amplius
481 2540 600 2617 tamen
630 2546 677 2618 ex
710 2544 775 2636 iis,
801 2568 894 2645 quae
914 2543 1052 2646 legatus
1075 2560 1223 2645 aposto·

134 2643 230 2721 licae
255 2645 349 2722 aedis
372 2636 420 2725 aa
444 2665 629 2724 conventu
645 2650 937 2745 novaecivitatis
952 2650 1224 2726 notissime're·
1313 2697 1316 2704 ·

125 2751 238 2857 ttulit,
263 2745 465 2859 intelligere
480 2769 620 2858 potest,
639 2754 704 2829 ubi
725 2773 811 2859 post
830 2756 1003 2831 damnum
1021 2754 1222 2860 opportuni

135 2860 311 2963 temporis
328 2856 367 2935 e't
383 2885 467 2963 spes
486 2860 677 2963 deceptas,
705 2860 777 2936 hoc
796 2862 918 2935 solum
940 2878 1063 2937 actum
1081 2880 1156 2954 eat,
1178 2879 1221 2937 ut

134 2957 250 3040 lroatis
263 2982 393 3041 noster
411 2965 503 3041 nihil
523 2984 644 3040 actum
665 2966 870 3049 laetaretur.
908 2966 1097 3069 Nescimus
1127 2969 1220 3069 quid
1302 3033 1310 3043 ,

123 3072 254 3151 canus
270 3072 328 3147 vel
344 3069 478 3159 deferri
495 3071 612 3147 eidem
624 3072 682 3145 vel
695 3068 902 3173 praerogari
914 3074 1089 3175 potuerit,
1106 3084 1217 3174 qaam

133 3193 174 3267 ut
190 3173 265 3269 hoc
286 3170 451 3281 tempore
471 3175 1032 3279 Christianorumpotentatuum
1046 3176 1219 3267 'iactantia

132 3278 323 3379 abutatur3
357 3282 549 3359 simulacra
578 3278 751 3389 deinceps
777 3274 855 3357 non
878 3278 1044 3357 homines
1068 3282 1222 3382 obviam
1340 3334 1345 3343 ,

131 3389 265 3463 amai
292 3364 408 3495 paltat
445 3388 601 3466 Accedit
618 3385 848 3465 huorecens
875 3388 1215 3466 casus'calamitatis
1274 3478 1279 3487 Ι

130 3490 367 3592 christianae,
409 3499 476 3601 qui
503 3497 708 3585 necessitati
748 3497 935 3571 communi
971 3493 1215 3573 sublevandae

130 3599 346 3704 ampliorem
373 3602 518 3677 eausam
544 3600 678 3677 adiicit.
714 3601 841 3678 Hostis
859 3604 1021 3694 Turcus,
1057 3628 1146 3679 mors
1171 3618 1215 3679 ut

129 3701 280 3801 didicit,
313 3709 507 3811 perperam
528 3709 637 3784 ivisse
655 3709 849 3809 praeconia
868 3705 914 3784 de
936 3706 1077 3783 viribus
1100 3724 1137 3784 et
1156 3735 1224 3798 arg

129 3811 195 3889 mis
222 3810 505 3889 christianorum
541 3802 835 3909 commovendis,
870 3813 1061 3917 apparatus
1086 3839 1213 3890 omnes

130 3929 201 3993 tam
218 3918 427 4013 concitate,
448 3945 559 4019 quam
575 3934 806 4020 contemptae
821 3920 1023 4023 potentiae,
1046 3944 1139 4023 quos
1159 3919 1208 3994 ad
1241 3957 1244 3971 <
1296 4000 1301 4013 ,

128 4016 369 4102 maantam
393 4027 594 4127 paraverit,
629 4025 785 4099 eontulit
808 4026 856 4101 ad
881 4023 1103 4111 nocendum.
1139 4026 1210 4103 lta·
