2708 4568
1171 283 1220 353 73

129 504 293 568 mentsre
316 516 398 569 non
423 512 600 586 renuens,
626 515 696 595 pro
720 487 931 567 defessioue'
955 484 1137 594 prsedieti
1160 512 1220 564 re-

133 600 199 703 gni
221 600 430 703 Hungmise
460 614 497 675 et
521 595 725 675 catholicoe
749 597 835 673 fidei
859 624 882 671 u
907 618 1088 702 supremu-
1106 592 1218 671 Jbesu

134 707 175 781 iu
196 720 391 810 potestate*
405 730 451 783 sc
471 705 752 809 recuperatione
780 703 1054 809 praedictorum
1086 726 1217 806 regno·
1303 782 1310 789 ¹

136 836 218 885 mm
241 792 399 890 lisseiu'e
433 813 574 889 scilicet
596 828 635 885 et
658 810 839 888 Albaniae
863 813 900 887 in
925 834 1022 886 anno
1048 806 1218 915 ptoxime

140 932 317 995 moneto
341 944 432 995 eum
456 917 579 994 valido
603 920 771 1019 exercitu
788 935 833 995 »et
853 918 1023 1023 potentis
1037 916 1218 1019 Hungsri·

144 1022 223 1116 cdi,
257 1023 403 1099 desuis
424 1026 580 1128 propriis
607 1025 784 1099 sumtibus
809 1041 849 1099 et
872 1021 1043 1098 thesauro
1068 1018 1219 1097 ferend
1334 1073 1337 1081 ·

142 1129 282 1232 mpsim
298 1126 376 1208 duo
391 1131 505 1205 millis
525 1129 608 1206 flor.
630 1133 711 1206 suri
729 1128 1031 1222 extendentibus,
1046 1127 1219 1233 demptis

143 1234 277 1309 suxiliis
293 1252 332 1309 et
348 1234 549 1341 sumptibus
567 1237 711 1330 olienis,
738 1264 776 1312 se
795 1232 1114 1341 uppromptuundo
1125 1260 1219 1310 con·

144 1356 196 1415 trs
215 1342 315 1445 ipsos
332 1342 492 1446 perfidos
506 1343 653 1418 Tuscos
679 1341 725 1417 s'd
749 1368 861 1447 regnu
884 1367 1013 1419 eorum
1038 1366 1218 1416 unacum

109 1482 114 1491 ·
141 1449 215 1549 ipso
241 1448 381 1524 scilicet
399 1451 566 1556 Despoto
590 1448 832 1553 perrexisset,
862 1449 929 1524 ubi
954 1449 1121 1552 pluribus
1146 1472 1218 1552 po-

142 1553 254 1629 tentiis
274 1554 441 1659 ipsos-m
456 1556 667 1632 uncorum
690 1552 898 1651 debellatis,
925 1558 1132 1657 tenorisque
1153 1578 1218 1627 eo·

140 1686 216 1782 nim
234 1657 404 1737 desobbs
424 1678 464 1737 et
482 1663 665 1787 spobstis',
695 1680 819 1767 optutu
840 1663 992 1739 victoris
1010 1658 1216 1784 redeundo,

139 1766 1147 1983 rmum
1161 1793 1218 1947 s

138 1980 1215 2188 timus,53T”d„1⁶t·tst⁰¹ltddtz⁸ttssttff
1244 2074 1248 2085 ·

138 2192 299 2267 similiter·
320 2218 492 2295 magnum
521 2197 724 2271 exercitum
748 2212 785 2270 et
805 2197 1006 2299 potentium
1021 2192 1216 2293 Htmguo-

105 2304 108 2311 '
137 2324 213 2373 mm
243 2324 329 2374 cum
355 2303 518 2405 propriis
547 2304 734 2405 expensis,
769 2320 856 2406 puts
883 2301 1068 2404 sexaginte
1096 2294 1217 2372 tribus

84 2426 86 2436 ·
135 2405 281 2481 milibus
300 2405 524 2481 florenorum
550 2408 629 2482 ouri
655 2409 797 2512 absque
809 2393 955 2484 ‘auxilio
978 2423 1016 2481 et
1045 2402 1216 2478 tbessuro

135 2511 286 2586 oliorum
305 2515 345 2586 iu
366 2513 568 2589 subsidium
588 2506 751 2591 eiusdem
765 2517 947 2621 assignatis
969 2512 1124 2590 levando
1143 2524 1215 2612 pro

134 2614 341 2695 defensione
360 2618 519 2695 eiusdem
539 2625 855 2728 regniHungsrioe
879 2650 921 2700 sc
940 2620 1027 2697 fidei
1051 2617 1215 2694 christis·

132 2726 272 2819 nitutis,
305 2751 376 2800 neo
404 2733 480 2799 bon
506 2729 610 2804 totnli
638 2732 920 2832 recuperatione
940 2725 1215 2831 praedictorum
1337 2728 1340 2737 '

131 2854 327 2934 regnorum
346 2830 502 2907 Roscius
517 2851 567 2933 'et
584 2833 783 2928 Albaniue,
809 2838 848 2910 in
866 2860 1024 2936 quorum
1042 2845 1215 2934 reopten·

129 2935 229 3013 tione
259 2938 383 3014 divino
408 2956 590 3015 annuente
612 2942 804 3016 clementis
825 2967 904 3042 spes
926 2937 1074 3015 indubio
1097 2934 1216 3011 credi·

130 3056 212 3139 tur,
236 3062 364 3120 contra
389 3045 575 3147 predictos
594 3046 759 3152 perfidos
777 3049 941 3141 Turcos,
970 3045 1091 3120 crucis
1107 3041 1215 3118 Cbri·

129 3152 176 3225 sti
194 3165 462 3255 persecutores,
476 3150 523 3225 nd
542 3180 652 3259 regno
673 3178 803 3228 eorum
823 3178 862 3228 se
884 3151 1105 3228 decrevisset
1124 3170 1214 3252 pro·

128 3256 323 3332 sectorum.
359 3256 452 3334 Ideo
478 3259 549 3364 ipsi
576 3260 715 3338 scilicet
730 3261 912 3335 Dominus
930 3258 1110 3360 Georgius
1127 3258 1214 3328 =De·

129 3379 256 3467 sputus
281 3390 326 3439 sc
352 3365 510 3440 Domino
534 3366 646 3441 Eleus
673 3392 844 3459 consors,
880 3383 917 3441 et
938 3368 1096 3441 Lszurus
1118 3359 1215 3435 filius

128 3470 289 3545 eiusdem
306 3470 469 3549 volentes
485 3472 606 3577 ipsum
620 3475 642 3547 J
644 3499 798 3550 oannem
815 3470 1035 3549 Woivodum
1050 3494 1120 3570 pro
1138 3458 1218 3542 ton?

128 3576 173 3650 tis
190 3592 229 3650 et
244 3577 410 3651 maximis
437 3576 644 3673 laboribus,
673 3579 881 3674 furoribus,
910 3581 1076 3681 expensis
1095 3590 1134 3651 et
1148 3574 1214 3650 be·

127 3680 281 3778 neficiis,
302 3685 457 3758 servitiis
477 3684 642 3761 eiusdem
660 3713 729 3791 per
743 3687 861 3790 ipsum
877 3684 961 3759 boio
979 3707 1094 3785 regno
1113 3684 1217 3757 Hun-

126 3789 246 3890 gsriue
261 3804 300 3864 et
317 3786 517 3867 cstbolicse
533 3790 619 3867 fidei
635 3808 674 3869 et
686 3795 755 3867 toti
775 3790 1036 3880 christianitati,
1050 3810 1122 3866 nec
1136 3802 1215 3861 bon
1245 3828 1249 3833 ·

127 3892 262 3969 eisdem
289 3896 431 3973 scilicet
455 3894 619 3973 Domino
648 3901 815 4001 Despoto
840 3915 878 3972 et
896 3900 1060 3973 consorti
1078 3913 1115 3971 et
1135 3890 1214 3968 filio

125 4000 305 4096 eiusdem,
335 4001 454 4080 modo
468 4006 669 4110 preemisso
684 4002 808 4095 factis,
834 4007 1050 4100 consumtis,
1074 4010 1222 4110 impen-⁸
