2708 4568
218 280 269 352 Η

218 493 330 565 virtus
347 512 508 578 coronae
526 490 563 561 in
583 488 747 593 ipsorum
763 481 1030 589 approbatione
1045 484 1234 578 consistit3
1251 480 1304 543 -'·

169 629 172 635 ·
218 596 383 672 videntes
413 592 648 668 nihilominus
675 619 827 698 regnum
845 588 916 664 boc
941 589 1066 665 idonei
1090 590 1306 695 registesti-
1341 586 1350 645 -’

181 714 185 721 ’
218 704 366 778 natione
382 725 507 776 carere
526 726 603 774 non
619 726 738 802 posse,
755 695 924 775 cumdem
931 695 1215 797 Serenissimum¹
1226 688 1306 775 Do·

218 811 358 883 minum
374 806 616 883 Wladislaum
631 833 754 909 regem
773 806 853 909 pari
868 820 959 877 voto
982 819 1020 877 et
1038 805 1225 907 communi
1239 802 1306 879 dc·

100 936 105 947 ’
218 913 354 991 siderio
382 914 449 988 alia
476 939 615 987 corona
642 940 772 1006 aurea,
799 911 921 1011 operis
945 910 1077 983 vetusti
1103 910 1306 987 Beatissimi

214 1019 396 1123 ¹Stephani
424 1022 539 1123 regis,
567 1014 739 1123 Apostoli
761 1033 797 1091 ct
815 1016 965 1091 Patroni
984 1016 1123 1109 nostri,
1142 1008 1307 1092 intbeca

221 1128 349 1228 capitis
368 1126 608 1227 reliquiarum
627 1124 788 1198 eiusdem
806 1122 993 1222 hucusque
1008 1144 1138 1226 magns
1152 1121 1305 1198 senera-

219 1235 320 1308 tionc
342 1248 566 1323 conservata,
580 1232 849 1322 constituimus,
857 1226 1100 1330 disposuimus
1119 1243 1158 1302 et
1175 1226 1327 1312 decao-¹

192 1336 197 1345 ’
220 1341 337 1414 vimus
357 1337 491 1413 debere
512 1339 703 1430 coronari,
731 1363 840 1440 quam
862 1333 1140 1409 coronationem
1160 1330 1222 1409 die
1237 1332 1306 1408 bo·

221 1443 347 1521 dierna
364 1447 533 1519 invocata
552 1442 764 1544 suppliciter
774 1441 812 1518 S.
823 1440 980 1542 Spiritus
1003 1442 1139 1544 gratia,
1156 1457 1198 1515 e't
1211 1444 1306 1517 mus

222 1550 324 1644 dem,
346 1567 387 1625 ut
408 1550 469 1651 pie
489 1546 692 1643 credimus,
713 1550 884 1625 instincto
904 1572 989 1621 cum
1008 1548 1220 1649 peractione
1236 1554 1307 1650 pu'-

221 1656 320 1730 blica
346 1674 383 1731 et
408 1653 597 1730 manifesta
626 1657 789 1753 omnium
815 1654 961 1730 illarum
990 1654 1305 1747 ceremoniarum,

221 1789 317 1865 quae
335 1761 381 1836 ad
398 1760 551 1835 eandem
572 1775 610 1834 et
625 1760 671 1834 ad
687 1763 765 1836 eius
780 1759 978 1836 efficaciam
994 1775 1033 1833 et
1051 1756 1309 1835 solennitatem

222 1887 446 1943 concurrere
472 1862 698 1963 debuerunt,
734 1867 865 1941 induto
893 1865 1058 1969 praefato
1084 1867 1194 1941 Dom.
1216 1890 1308 1970 rege

220 1991 351 2049 nostro
374 1975 447 2048 illis
473 1973 642 2051 omnibus
671 1974 893 2079 paramentis
919 1989 957 2048 ct
979 1969 1200 2047 indumentis
1224 1997 1308 2045 san-

213 2083 370 2157 ctissimi
382 2081 490 2183 primi
507 2082 604 2185 regis
621 2083 739 2156 nostri
755 2098 865 2184 atque
882 2078 1015 2155 oblatis
1033 2076 1154 2153 eidem
1171 2102 1216 2153 ac
1234 2102 1308 2152 ma-

221 2187 330 2263 nibus
349 2190 429 2262 ·suis
448 2185 609 2280 traditis,
637 2187 780 2291 gladio,
808 2202 975 2286 sceptro,
1001 2208 1115 2288 pomo
1134 2210 1176 2259 ac
1199 2206 1307 2259 nuce
1348 2214 1350 2219 ·

221 2294 411 2396 legationis
440 2290 602 2375 eiusdun
616 2295 747 2368 sancti
777 2294 894 2395 regis,
931 2317 1002 2366 nec
1029 2316 1106 2365 non
1119 2284 1308 2366 'bmnibm

223 2401 301 2472 aliis
326 2400 534 2472 necessariis
560 2397 697 2502 absque
719 2400 826 2476 omni'
846 2395 995 2472 defectu
1019 2413 1164 2501 praeter
1192 2397 1307 2471 solam

222 2504 402 2578 sublatam
430 2527 605 2596 coronam
633 2520 872 2608 praetactum,
900 2502 1055 2579 feliciter
1075 2490 1320 2579 confirmavi-¹

221 2635 302 2685 mus
323 2625 361 2683 et
387 2625 717 2711 praeconceptum,
753 2612 898 2712 auspice
924 2611 1036 2704 Deo,
1063 2608 1320 2683 conduximus.

221 2715 270 2789 ad
298 2714 487 2806 ellectum
523 2710 778 2810 decernentes,
815 2719 1098 2820 pronunciantes
1123 2732 1163 2788 et
1185 2714 1307 2791 decla·

220 2837 342 2898 santes
363 2846 431 2924 per-
446 2817 543 2903 trac
564 2823 721 2926 scripta,
759 2825 875 2929 ipsam
895 2820 1112 2920 modernam
1130 2840 1308 2917 somnam

213 2944 261 3004 et
287 2928 584 3023 coronationem,
617 2954 764 3003 omnem
797 2930 897 3004 illam
917 2929 1092 3002 virtutem
1120 2943 1157 3003 et
1176 2924 1308 3015 efficit?

163 3121 165 3125 ¹
222 3037 336 3127 ciam,
364 3031 527 3135 illudque
553 3033 673 3111 robur
693 3062 762 3138 per
785 3036 909 3111 omnia
933 3033 1070 3109 habere
1094 3051 1133 3108 et
1156 3031 1309 3139 babitu·

177 3136 186 3167 '¹
216 3166 321 3234 ram,
361 3166 403 3214 ac
424 3140 455 3214 si
474 3158 665 3240 praetacta·
685 3147 792 3245 prior
822 3167 962 3219 corona
984 3140 1095 3242 capiti
1112 3142 1222 3215 Dom·
1239 3156 1308 3219 tto-

220 3248 288 3323 s'tm'
313 3247 410 3350 regis
429 3245 767 3351 finissetimpnsita,
797 3265 833 3322 et
851 3272 920 3352 per
938 3246 1090 3343 eandem
1108 3244 1309 3343 modernae

210 3354 306 3431 loco
332 3351 421 3433 baec
447 3353 522 3454 ipsa
538 3357 738 3458 coronatio
764 3353 892 3429 fnisset
916 3351 1106 3459 expedita,
1132 3354 1185 3427 ita
1202 3349 1309 3455 quod

150 3458 153 3464 ’
213 3461 298 3560 Εἱρεει
324 3458 443 3564 priori
469 3482 610 3532 corona·
634 3459 803 3554 absente,
841 3475 879 3534 et
899 3462 931 3534 si
951 3456 1078 3534 eadem
1097 3458 1309 3560 recuperari

213 3589 297 3638 -non
323 3565 480 3668 poterit,
515 3566 632 3639 omnis
661 3566 801 3642 deesset
827 3564 1009 3658 efficacia,
1045 3592 1088 3640 ac
1116 3563 1310 3671 quodlibet

201 3671 471 3774 signaculum,
515 3672 718 3747 misterium
746 3688 783 3748 ct
815 3670 934 3748 robur
958 3670 1118 3748 ciusdem
1148 3674 1186 3745 in
1215 3669 1309 3745 hanc

219 3776 437 3851 modernam
459 3801 639 3852 coronam
658 3779 922 3882 intelligantur,
943 3794 982 3853 et
997 3774 1126 3853 barum
1150 3779 1244 3853 serie
1261 3773 1308 3848 de

70 3969 72 3975 Ι
220 3884 389 3957 omnium
417 3898 603 3979 nostrum,
632 3910 792 3989 quorum
823 3886 953 3959 merita
980 3881 1196 3979 discutere,¹
1221 3906 1307 3986 pro·

202 3980 383 4107 <turaque
403 4002 441 4063 et
462 3987 676 4093 improbare
691 3993 856 4088 interest,
878 3984 1070 4069 voluntate
1082 4014 1309 4097 cognoscan-
