2708 4568
1060 412 1064 421 ¹
1145 319 1221 395 tus

133 531 267 634 quippe
282 478 553 607 Zeurinienseui
575 533 740 624 evectus,
763 530 941 633 bonisque
960 545 1104 625 auctus;
1132 526 1215 607 vide

133 639 228 739 Dipl.
256 664 324 712 nro
350 634 394 712 11.
422 635 776 739 Instabatipraeseus
802 639 972 711 aTurcis
989 638 1213 740 periculum,

132 750 219 845 qui,
236 759 370 818 vastata
392 739 471 817 fere
498 746 576 817 tot'a
591 741 745 836 Servia,
775 741 956 848 Belgtudo
985 743 1215 819 obsidionem

132 850 380 944 minabantur3
407 851 588 952 Georgius
600 852 776 952 Despota,
799 848 995 924 discrimini
1012 851 1215 954 proximps,
1289 910 1292 915 .
1341 934 1344 943 ,

130 958 248 1031 missis
270 955 403 1030 crebro
429 953 475 1028 ad
503 957 695 1059 Hungaros
716 959 878 1048 nunciis,
917 981 1025 1056 opem
1043 959 1218 1060 implora·

130 1063 204 1137 bat.
243 1064 264 1134 J
272 1076 443 1136 ou‘nnes
471 1059 688 1162 Hunyad,
721 1063 785 1162 qui
805 1060 988 1136 desiderio
1008 1061 1215 1137 incredibili

131 1194 258 1243 manus
286 1194 371 1242 cum
386 1169 516 1243 Turcis
544 1166 760 1242 conserendi
787 1167 997 1260 tenebatur,
1025 1167 1216 1244 foederato

131 1276 233 1378 regni
252 1277 374 1367 socio,
400 1276 496 1357 nesi
517 1275 547 1350 is
563 1271 835 1368 succubuerits
851 1271 963 1349 bostis
984 1277 1022 1348 in
1043 1277 1146 1377 regni
1165 1275 1216 1349 vi·
1272 1337 1275 1343 .

129 1406 214 1455 cera
230 1397 409 1484 penetret,
426 1398 569 1455 mature
588 1380 872 1473 occurrendum,
901 1382 962 1454 ulii
982 1398 1110 1455 contra
1127 1378 1215 1454 nihil

128 1488 265 1562 iniussu
283 1489 376 1588 regis
394 1486 604 1563 tentandum
624 1487 855 1562 censebant-‘⁶
879 1529 930 1543 -
951 1488 1214 1589 Repertorium
1251 1563 1255 1571 ,

127 1592 209 1668 MS.
229 1594 314 1668 Ant.
334 1592 488 1694 Steyrer
511 1619 560 1668 ex
582 1591 670 1667 Tab.
694 1619 875 1668 caesareo.
914 1595 1075 1685 „Castris
1104 1592 1213 1668 subin

127 1700 240 1794 (anno
266 1697 396 1795 1439.)
422 1698 468 1772 ud
488 1698 733 1773 Zalankemen
753 1697 857 1791 lixis,
885 1698 1097 1774 Danubium
1113 1701 1212 1773 traii-

127 1804 297 1881 ciendum
317 1831 360 1879 ac
379 1829 519 1908 pugnae
540 1801 765 1879 decretoriae
786 1803 931 1905 copiam
952 1821 1082 1877 eontra
1099 1804 1212 1903 Amu-

127 1930 256 2004 ratem,
272 1909 518 1985 Zeudroviam
534 1908 772 2002 obsidentem,
789 1907 991 1983 faciendam
1012 1911 1135 2011 petiit3
1149 1909 1211 1984 sed

127 2019 204 2093 aliis
225 2018 339 2092 bostis
356 2041 459 2090 mora
476 2039 520 2088 uc
534 2015 742 2092 velitatione
753 2014 986 2090 delassandus
1006 2013 1211 2095 videbatur.

128 2167 179 2187 -
199 2113 418 2206 Zendrovia,
436 2120 606 2214 subacta,
635 2139 700 2195 sex
718 2119 968 2225 Magnetibus,
993 2147 1077 2197 cum
1096 2122 1211 2224 copiis

127 2233 198 2307 suis
211 2256 239 2305 ‘e
262 2230 386 2305 castris
406 2223 674 2321 recedentibus,
693 2227 868 2304 Albertus
887 2252 926 2302 se
947 2227 1136 2331 proditum
1158 2229 1212 2303 vi·
1310 2220 1313 2225 ’

128 2338 217 2412 dit“
249 2335 433 2411 Windeck
454 2361 530 2436 cap.
551 2342 639 2408 222,
662 2336 847 2428 „loannes
865 2333 911 2433 de
930 2332 1089 2434 Hunyad
1110 2335 1212 2410 altio·

127 2443 226 2519 ribus
247 2460 381 2516 cotunc
408 2441 535 2537 (relata
552 2442 670 2539 prima
700 2440 746 2514 de
763 2443 891 2515 Turris
908 2439 1078 2536 victoria)
1100 2438 1212 2515 subli-

127 2548 281 2631 mandus
297 2547 499 2623 honoribus
509 2600 529 2640 ,=
547 2549 616 2620 nisi
631 2548 708 2649 ipse
724 2575 810 2623 avus
823 2563 948 2623 noster
965 2549 1072 2622 evita
1086 2572 1209 2623 exces-

128 2661 239 2734 sisset.
268 2647 498 2730 succedente
521 2653 669 2727 tandem
692 2655 994 2729 excellentissimo
1019 2655 1206 2759 principe,

127 2766 289 2839 Domino
306 2762 482 2853 Alberto,
501 2761 666 2834 similiter
680 2763 930 2836 Romanorum
944 2788 988 2836 ae
1004 2762 1210 2863 Hungariae

104 2873 229 2973 ‘Rege
258 2884 346 2961 etc,
387 2869 564 2942 Genitore
590 2881 740 2960 nostro,
777 2866 891 2941 felicis
924 2867 1210 2959 recordatiouis,

129 2972 384 3053 certedudum
404 2970 586 3046 fidelitatis
610 2999 723 3074 opera
745 2975 923 3047 contiuuo
941 2967 1128 3074 cremento
1146 2999 1208 3050 au·

128 3109 215 3188 gens
231 3096 269 3157 et
287 3084 325 3153 in
341 3081 453 3181 ipsius
471 3077 657 3173 Genitoris
674 3078 790 3151 nostri
806 3076 1012 3178 obsequiis,
1041 3105 1083 3152 uc
1099 3104 1208 3181 expe-

129 3186 331 3264 ditionibus
348 3186 507 3277 bellicis,
535 3209 624 3282 quus
646 3182 745 3258 idem
771 3208 839 3257 suo
864 3183 1035 3259 adversus
1052 3183 1208 3257 nonnul·

128 3295 185 3372 los
200 3292 356 3370 rebelles
371 3292 473 3395 regui
491 3291 704 3384 Bobemiae,
722 3315 787 3364 seu
804 3307 932 3381 contre
950 3292 1114 3365 Teucros
1134 3290 1208 3365 lau·

128 3399 243 3477 dabili
262 3424 406 3501 semper
421 3399 519 3473 exitu
541 3396 725 3489 confecit,
753 3421 850 3470 nunc
874 3395 1065 3500 prudentis
1091 3397 1208 3471 cousi·

129 3508 243 3600 liarii,
270 3529 368 3581 nunc
393 3532 483 3581 vero
502 3504 740 3580 strenuissimi
757 3503 882 3575 militis
899 3521 1005 3606 agens
1026 3499 1208 3595 officium,

129 3615 221 3690 odeo
246 3611 315 3686 fuit
341 3614 535 3687 continuus
564 3627 601 3686 et
619 3611 733 3703 utilis,
762 3625 804 3682 ut
826 3608 1024 3683 abeodem
1045 3611 1210 3712 genitore

128 3736 258 3797 nostro
287 3720 448 3823 primum
468 3715 514 3791 de
535 3718 646 3792 milite
667 3713 714 3789 ad
735 3730 897 3790 nostram
915 3717 1108 3789 Beroniam
1128 3716 1211 3788 Re·

127 3828 210 3932 gni,
237 3815 356 3899 Bonus
386 3823 555 3905 videlicet
579 3823 843 3914 Zeuriniensis,
880 3823 944 3924 qui
961 3823 1081 3897 clarus
1100 3823 1211 3911 Baro·

130 3935 209 4007 niae
230 3931 355 4007 titulus
381 3947 454 4024 est,
492 3927 690 4032 insignibus
719 3928 862 4001 meritis.
876 3946 1019 4003 creatus
1042 3934 1109 4020 sit,
1147 3925 1212 3999 ubi

130 4058 166 4113 et
195 4035 531 4142 gloriosa.tandem
562 4034 732 4111 aduersus
758 4035 940 4143 Teucros,
981 4049 1129 4111 eotune·
1146 4033 1214 4108 illis
1262 4031 1271 4037 “
