2708 4568
141 263 267 367 W

214 461 249 548 A,
278 459 328 539 ud
338 459 488 536 Stritter
507 461 531 533 l.
550 486 583 534 c.
601 485 636 559 p.
656 466 743 532 708.
770 461 894 533 Tumr
911 459 1135 538 Mahometes
1152 464 1196 557 ll,
1214 491 1298 539 cum

217 485 428 649 Ciristiauis
454 567 632 642 universis
657 563 743 639 ficta
771 592 859 666 pace
879 567 987 658 inita,
1016 565 1245 673 induciisque
1260 572 1299 646 in

213 664 289 750 tres
308 698 422 749 annos
446 699 531 748 cum
548 672 570 743 J
581 700 632 744 un
644 695 698 772 go
720 671 901 765 (Johanne
917 664 1131 775 Hunyadio)
1152 677 1298 780 Hunga·

213 783 305 857 riam
327 776 833 883 regente‚,inCa1·amanum
856 777 994 853 bellum
1021 784 1175 855 morit.“
1201 782 1297 858 Ibid.

150 886 152 891 ’
211 887 291 992 pag
318 891 405 961 799.
424 922 478 944 -
1101 923 1104 929 ·

311 989 362 1087 8.)
389 990 527 1085 Anton·
544 987 731 1067 Bonfinius
748 990 968 1086 asculanus,
998 994 1036 1068 in
1053 1000 1179 1069 rerum
1192 995 1297 1068 ll‘un·

214 1098 418 1203 garicarum
442 1097 628 1199 Historia,
664 1095 865 1188 Wludislao
889 1098 1137 1203 11.R.Hung.
1162 1099 1296 1176 dicata:

215 1205 466 1301 „Jonnnes‚
502 1205 572 1296 ait,
608 1201 905 1297 Hunna’ades,
945 1233 1022 1308 quo
1057 1222 1296 1310 praestantio-

212 1337 291 1388 rem
312 1309 432 1402 domi,
472 1309 692 1412 militiaeque
719 1308 838 1399 tirum
864 1309 927 1383 illa
954 1330 1118 1417 tempora
1144 1339 1220 1387 non
1243 1314 1297 1386 vi·

212 1416 415 1498 derunt-
433 1417 577 1491 Polono
598 1412 798 1510 (Vlndislao
815 1413 863 1509 l.)
883 1411 1036 1492 nimium
1059 1418 1190 1507 favisse
1210 1444 1298 1521 per·

210 1521 366 1599 hibetur.
395 1522 468 1596 Hie
489 1523 586 1595 enim
606 1517 755 1595 salacho
776 1537 899 1624 patre,
921 1543 1036 1599 matre
1055 1550 1145 1598 veru
1164 1549 1297 1630 graeca

210 1649 336 1722 natus,
376 1626 555 1701 industria
576 1643 613 1700 et
639 1629 797 1719 virtute,
828 1653 937 1731 supra
966 1632 1128 1704 omnium
1153 1632 1296 1732 opinio·

209 1762 314 1830 nem,
338 1761 445 1808 suum
462 1758 574 1836 genus
591 1733 801 1824 illustrarim
827 1736 1038 1837 parentibus
1063 1752 1297 1841 nequaquam

205 1840 380 1920 ¹obscuris
398 1838 538 1914 editum
556 1835 751 1927 tradidere.
779 1838 922 1915 Pater
945 1871 1102 1946 namque
1121 1849 1217 1920 inter
1228 1842 1296 1919 Va·

208 1946 354 2040 laelios,
380 1948 446 2050 qui
466 1947 662 2038 Getarum,
690 1945 949 2051 Dacorumque
971 1950 1053 2024 loca
1077 1977 1173 2025 nunc
1192 1949 1296 2024 inooa

87 2063 90 2067 ’
210 2054 309 2148 lunt,
337 2069 374 2129 et
396 2080 417 2126 s
440 2053 618 2127 Romanis
645 2051 865 2154 superfuisse
893 2054 1055 2150 colonis,
1094 2056 1206 2131 veluti
1222 2055 1295 2131 lin·

209 2178 300 2265 gnae
320 2155 521 2273 'similitudo
543 2157 717 2249 testatur‚'
742 2186 826 2234 sane
848 2157 1068 2255 creduntur,
1094 2163 1294 2266 plurimum

211 2265 311 2373 apud
337 2293 417 2356 eum
439 2281 583 2370 gentem
605 2265 767 2367 potuisse
787 2262 932 2348 dicitur.
969 2268 1115 2370 Quappe
1131 2270 1199 2372 qui
1218 2294 1294 2343 non

212 2373 367 2450 consilio
388 2372 530 2464 solum,
559 2371 730 2473 aelonga
751 2392 877 2447 rerum
898 2375 1145 2477 experientia,
1172 2373 1296 2450 sedet

17 2460 23 2467 i
103 2503 113 2518 ⁸
211 2477 346 2583 opibus
369 2492 407 2550 et
428 2475 577 2549 fortuna
594 2476 750 2557 multum
768 2475 837 2550 sibi
853 2482 1081 2556 auctoritatis
1104 2507 1295 2582 compara·

88 2606 90 2611 ’
146 2663 149 2666 ,
210 2602 296 2677 rut,⁴
317 2580 462 2658 assiduo
482 2580 582 2656 bello
600 2582 845 2677 exercitatus,
872 2610 948 2659 non
967 2584 1295 2690 plusdivitiarum,

212 2716 320 2799 quam
351 2684 560 2763 nominis'e
593 2685 809 2767 militaribus
834 2689 962 2766 studiis
992 2695 1068 2796 ipse
1100 2710 1307 2767 contraite·¹

210 2812 280 2873 rat.
307 2796 352 2871 In
370 2794 581 2868 Corvino
604 2793 767 2891 (Hollds)
789 2795 869 2870 vico
897 2814 1020 2892 natus,
1047 2801 1086 2873 in
1099 2799 1295 2875 corvinam

212 2894 470 2979 Romanorum
489 2899 661 2984 familiam
678 2927 791 3005 genus
812 2903 947 2978 retulit„
986 2899 1146 2980 Mat'er'
1161 2931 1250 2981 vero
1273 2932 1295 2982 e

172 3060 175 3065 -
214 3010 364 3110 Graecis
384 3003 502 3101 edita,
520 3032 541 3083 e
562 3007 678 3107 veteri
700 3023 738 3081 et
753 3009 994 3111 imperatorio
1012 3038 1072 3085 sun
1124 3012 1182 3085 ‘ne
1206 3037 1294 3115 pro·

213 3138 395 3208 manasse,
408 3207 411 3213 ι
424 3111 571 3207 'credita
595 3131 660 3190 est.
698 3113 875 3191 Nonnulli
902 3117 949 3190 in-
969 3038 1169 3194 Theoldlii
1189 3115 1296 3192 huius

285 3247 328 3315 us
348 3217 489 3320 relerre
508 3217 653 3314 audent.
672 3217 834 3297 Servivit
853 3247 874 3294 a
890 3224 1077 3327 principio¹
1096 3251 1190 3321 cum
1201 3222 1295 3300 duo·

214 3247 337 3406 ddtdim
359 3327 462 3431 equis
491 3328 681 3403 Demetrio
703 3326 886 3430 Episcopo
913 3330 1167 3434 Zagrabiensi,
1202 3345 1239 3405 et
1256 3331 1297 3406 in

216 3435 320 3520 Italia
345 3431 437 3510 duos
462 3460 575 3521 annos
595 3432 663 3506 snb
681 3433 787 3506 Duce
809 3432 1073 3511 Mediolanensi
1094 3439 1210 3540 prima
1231 3438 1297 3513 sti·

212 3539 348 3644 pendia
366 3539 519 3633 meruit,
547 3565 631 3612 nam
650 3536 921 3642 sigismundum
939 3544 977 3616 in
995 3538 1132 3618 ltaliam
1150 3559 1298 3619 secutus

213 3648 394 3738 remansit.
416 3645 693 3750 'sigismundum
713 3647 811 3720 enim
832 3643 1011 3723 affirmant
1042 3648 1136 3722 fama
1155 3650 1299 3754 paterni

95 3819 98 3824 .
128 3749 135 3766 “
214 3744 392 3844 nominis,
418 3752 621 3837 iohannem
645 3746 763 3851 adhuc
783 3749 965 3854 ephebum
987 3779 1035 3830 ex
1049 3747 1298 3860 Transalpinis

215 3861 290 3935 oris
307 3861 346 3934 in
364 3856 648 3935 Transilvaniam
674 3859 904 3936 transtulisse.
932 3860 1172 3960 Hunniudicis
1189 3889 1296 3969 prae·

210 3958 305 4081 diis,
339 3991 434 4072 quae
467 3966 503 4040 in
529 3980 694 4072 extfema
715 3964 984 4064 Transilvanite
1008 3995 1094 4066 ora,
1131 3997 1224 4076 quae
1246 3967 1295 4063 ad
