2708 4568
1076 334 1152 399 t:t:t

64 492 291 619 'nm'rui'ei
310 543 430 647 mgni
450 539 592 616 aucun
605 542 644 614 n
659 512 760 614 sun
779 543 997 643 setinum.
1018 575 1077 609 «-
1090 543 1156 615 vs

65 674 215 752 ermque
242 651 313 746 sit,
346 673 535 752 superasse
560 649 725 738 T-urcos,
751 647 925 723 cecidisse
947 649 1157 749 Hungaros,

64 772 221 831 constat.
249 754 468 858 Complures
494 781 542 826 ex
560 752 766 826 Batonibus
785 756 990 854 Hungnriae
1011 752 1153 827 deside·

62 876 209 935 rantur}
235 862 371 952 Aiunt,
388 862 454 963 qui
471 859 518 934 de
535 863 671 961 magnis
687 860 826 935 maiora
844 859 1066 966 loquuntur,
1087 860 1153 932 lo-
1248 860 1251 865 ’

61 965 198 1045 hannis
219 969 421 1043 exercitum
450 975 499 1039 70
518 967 694 1059 millium,
713 967 935 1042 ¹Turcorum
963 973 1042 1044 200
1071 966 1153 1039 mil-
1179 1046 1186 1053 ,

62 1075 154 1147 lium
180 1075 360 1151 extitisse.
376 1071 568 1146 Inductior
584 1071 687 1173 plebs
708 1072 881 1148 coelestia
899 1074 1048 1147 numina
1067 1070 1151 1148 red-

58 1179 198 1281 arguit,
235 1204 328 1280 quae
350 1181 471 1252 crucis
492 1177 650 1252 ihrerint
669 1178 844 1268 inimicis,
874 1202 941 1253 nec
961 1178 1000 1251 in
1023 1176 1152 1256 divino

61 1288 290 1386 conspectu,
330 1284 420 1388 quid
446 1301 573 1358 nostra
592 1300 804 1356 mereantur
827 1283 984 1373 scelera,
1012 1299 1150 1386 pensat.

59 1432 115 1450 ω-
140 1424 199 1446 -
225 1389 324 1479 Quid
353 1393 486 1464 scimus
512 1414 605 1481 nos,
642 1416 714 1490 qus
742 1405 863 1464 mente
883 1391 921 1461 in
939 1389 1082 1463 Turcos
1104 1390 1151 1462 sit

59 1492 188 1570 itumt‘·
202 1495 351 1596 quidum
371 1495 569 1596 stipendia,
589 1494 740 1596 quidam
757 1497 874 1601 spolia
893 1494 1149 1597 sequebantur,

59 1601 232 1679 nonnulli
250 1601 309 1676 vel
331 1604 438 1679 iuviu
459 1600 617 1702 profecti
638 1599 809 1694 fuerunt,
839 1603 899 1675 alii
918 1618 1063 1702 praeter
1081 1601 1148 1673 mi·
1187 1592 1194 1607 ¹

59 1708 176 1787 titiam
194 1708 418 1787 saecularem
436 1723 473 1782 et
487 1709 593 1781 inane
610 1709 733 1782 militis
749 1734 905 1799 nomen„
930 1707 1148 1809 incorrupti-

60 1813 173 1889 bilem
216 1814 328 1901 lotiae
346 1840 522 1887 coronam
538 1840 622 1888 cum
637 1812 756 1887 aureis
773 1815 1028 1894 commutaturi
1044 1829 1150 1886 eraut

58 1919 142 1996 calc
186 1922 194 1935 '
223 1908 274 1995 us.
301 1916 542 2014 Wladislaus,
562 1920 735 1995 Poloniue
757 1918 946 2041 quondam
961 1919 1064 2010 Rex,
1090 1943 1149 1992 su·

58 2026 196 2134 peratis
210 2026 344 2100 Turcis
367 2024 530 2102 stabilire
561 2026 598 2098 in
624 2025 830 2124 liungama,
857 2026 1149 2125 loanneanui-

59 2154 160 2231 rere,
179 2147 364 2206 ntrumor
380 2146 446 2224 est,
462 2156 614 2234 regnum
632 2129 796 2252 putabat,
815 2127 1064 2204 ethadisluum
1080 2155 1147 2230 pu-

57 2237 191 2342 pillum
210 2255 248 2311 et
271 2237 737 2341 orphanumnobilissrmae
756 2235 887 2310 indolis
911 2260 1053 2338 regem,
1082 2260 1147 2338 pu-

60 2359 167 2417 terno
194 2347 346 2419 attrito
362 2343 521 2447 spoliare
538 2340 734 2418 nitebatur
766 2340 842 2419 Sed
858 2357 913 2417 est
926 2342 1089 2415 Domino
1111 2340 1148 2412 in

59 2449 243 2524 altissimis
271 2453 347 2525 eius
375 2475 483 2542 cura„
511 2451 690 2550 script-ura
717 2447 950 2554 perhibente:
971 2445 1063 2522 ¹Tibi
1084 2444 1152 2520 de«

58 2556 208 2635 relictus
227 2571 281 2635 est
297 2580 437 2661 pauper
456 2571 494 2631 et
515 2555 679 2659 orphano
696 2558 752 2632 Tu
774 2559 845 2631 eris
869 2553 1026 2632 adiutor.
1041 2650 1044 2654 Δ
1057 2552 1150 2629 Coe«

59 2677 182 2737 terum
202 2662 235 2740 si
259 2664 369 2738 tertio
397 2660 567 2747 adversus
592 2664 801 2738 Turcorum
828 2659 1039 2768 perfidiam,
1075 2663 1150 2740 inm

58 2793 135 2842 που
154 2767 369 2869 Hunguiae
393 2767 522 2862 solius,
563 2766 626 2842 sed
657 2772 767 2844 totius
794 2769 1006 2852 christianae
1024 2768 1150 2871 reipu«
1274 2866 1277 2871 ³
1330 2812 1333 2817 -

57 2872 180 2950 bhcae
197 2870 335 2948 viribus
352 2870 491 2949 bellum
515 2876 755 2983 instauretur,
785 2873 893 2948 facile
908 2876 1008 2956 Deus
1028 2876 1146 2948 nostri

56 2978 259 3074 misertis,
292 2982 385 3055 sicut
405 2979 594 3073 Israelitis,
617 2978 753 3060 tribum
782 2981 990 3054 beniaminn
1022 2978 1150 3054 delere

57 3084 274 3173 sceleratam
288 3083 410 3178 dedit,
440 3090 492 3162 sic
512 3103 550 3162 et
568 3084 674 3159 nobis
694 3086 739 3160 ad
754 3087 1041 3171 internecionem
1050 3086 1143 3157 Tur·
1163 3091 1167 3099 '

59 3214 124 3266 eos
152 3206 387 3299 prosternere
414 3192 527 3266 dabit
562 3190 639 3266 Sed
657 3188 729 3292 hoe
750 3188 893 3266 efficere
915 3195 969 3265 tui
985 3193 1148 3264 muneris
1189 3271 1195 3285 ,

56 3308 113 3368 est'
131 3302 240 3398 atque
260 3300 433 3394 caesaris,
469 3325 544 3404 pro.
559 3299 748 3375 cummuni·
772 3298 935 3379 omnium
963 3293 1147 3375 excubare

56 3401 185 3483 salute.
224 3401 314 3483 ldeu
342 3405 495 3509 supplex
520 3430 589 3486 oro
608 3406 753 3500 Deum,
777 3420 820 3486 ut
838 3421 877 3479 te
900 3431 983 3485 cum
1000 3425 1149 3475 caesare

57 3509 235 3609 sospitem
267 3509 432 3603 tueat'ur,
471 3527 509 3585 et
522 3554 526 3561 ·
541 3513 582 3585 in
611 3510 768 3590 adversis
800 3510 935 3586 fortem
968 3505 1144 3613 praebent

57 3614 238 3708 animum,
266 3619 352 3718 quia
377 3619 680 3721 valentecupite,
716 3616 906 3699 christinus
935 3612 1145 3715 respublica

57 3720 258 3828 periclitari
282 3748 357 3796 non
383 3737 513 3825 potest.
552 3723 653 3794 Vale.
690 3760 745 3779 --
781 3725 836 3798 Ex
868 3747 970 3798 nova·
992 3720 1142 3794 civitate

58 3822 227 3898 Austriae
247 3827 324 3901 Vll.
348 3824 521 3904 Calendas
542 3826 754 3904 Decembris
773 3853 868 3924 cuno
887 3827 1036 3901 Domini
1055 3825 1146 3898 Mil*

58 3929 186 4018 lesimo
206 3931 559 4044 quadringentesimo
575 3929 857 4042 tptadragcsirno
874 3948 1015 4012 octnto.
