2708 4568
913 276 916 281 ⁸
987 366 989 371 ·
1042 284 1044 291 ⁴
1096 370 1107 387 „
1131 332 1232 475 ress

127 537 383 647 finerill’ar‘er,
409 546 482 628 hic·
495 546 613 651 titus,
637 545 752 628 latet
770 553 901 627 umen·
915 564 955 629 et
979 546 1081 628 littus
1107 564 1221 623 anun

128 676 307 765 regnum,
324 656 504 734 disemos
521 653 632 753 lines,
655 656 840 762 peculiare
860 656 1078 752 conslllum,
1096 657 1140 732 in*
1153 678 1228 739 cuz

127 768 183 847 ria
204 793 268 840 sua
287 780 325 839 et
339 765 515 870 proprios
535 761 931 869 quosdam‘respectus.
957 759 1004 840 Et
1024 762 1112 867 qula
1126 784 1213 843 eon-

128 869 406 948 siliari'os‘lrabet
423 862 608 944 ad'omnia
624 868 853 974 sufficientes,
874 892 951 959 non·
965 869 1104 975 indiget
1125 888 1221 975 pro-·

129 980 293 1051 motione
307 977 478 1052 alterius.
515 978 608 1050 Cum
637 975 933 1052 christianissimo
958 994 1081 1050 autem
1096 977 1210 1050 Fran·

131 1109 261 1158 corum
280 1103 366 1187 rege
378 1070 416 1157 S}
431 1076 476 1156 D.
492 1075 537 1158 N.
553 1083 640 1157 Rex
657 1080 888 1158 iamdudum
910 1085 1054 1187 optarit
1067 1104 1221 1156 omnem*

132 1189 326 1263 amicitiam
344 1201 382 1263 et
401 1187 693 1264 benevolentiam
715 1184 931 1264 contrahere
950 1204 990 1262 et
1004 1187 1223 1280 observare„
1326 1254 1327 1258 ,

132 1306 241 1401 quam
260 1310 297 1369 et
317 1320 415 1369 nunc
440 1298 654 1399 tempestive
671 1293 832 1399 oblatam
857 1296 1092 1371 libentissime
1113 1312 1214 1368 acce*

129 1406 226 1504 pt'at,
246 1402 458 1504 gratiasque
469 1404 541 1504 agit
557 1406 678 1503 tantae
696 1400 917 1478 humanitati¹
930 1399 1222 1476 christianissimi·

130 1509 487 1618 regis'Fraueorum,
508 1524 626 1613 quem
637 1507 732 1584 liene
751 1511 853 1584 novit
874 1517 942 1584 sua
957 1507 1140 1584 Serenitas
1159 1508 1215 1580 in·

130 1629 188 1687 ter
208 1612 571 1689 omnes·c'lrristianos
587 1635 690 1721 reges
710 1632 785 1688 tam
805 1609 1000 1690 nobilitate
1019 1608 1214 1718 sanguinis,

129 1741 240 1825 quam
267 1719 503 1822 amplitudine
536 1720 718 1823 dignitatis
755 1716 922 1795 obtinere
935 1818 937 1822 v
952 1722 1225 1826 principatum,

129 1829 359 1929 maximeque
387 1826 577 1928 adipsum
606 1827 789 1928 pertinere
815 1829 1012 1928 cognoscit*
1027 1842 1101 1901 tam
1125 1826 1216 1933 altos
1339 1910 1341 1914 ¹

130 1941 171 2005 e‘t‘
186 1947 262 2008 tam
282 1932 463 2008 notabiles
483 1951 608 2005 rerum
630 1944 813 2009 tractatus
838 1932 1005 2006 Meminit
1026 1933 1134 2007 etiam
1152 1956 1217 2005 sua

104 2084 110 2095 x
129 2028 297 2114 Maiestas
323 2035 670 2140 praedecessoribus
692 2037 764 2111 suis
780 2032 961 2141 Hungaris
984 2029 1132 2140 regilius
1148 2057 1228 2140 per·

129 2145 243 2220 multa
263 2161 371 2220 retro·
390 2145 530 2219 saecula
551 2170 637 2219 cum
657 2141 769 2218 domo
789 2145 963 2219 Franciae
982 2166 1125 2246 semper
1140 2136 1215 2217 'ali-

125 2267 239 2354 ¹quam
260 2251 315 2325 vel
334 2251 663 2357 coniunctissimam
684 2251 876 2325 amicitiam
895 2247 962 2326 vel'
976 2248 1214 2324 necessitudi-

128 2384 236 2461 nem,
251 2383 315 2431 seu
334 2355 547 2432 affinitatem
564 2356 693 2450 fuisse3
720 2352 912 2464 Regesque
927 2357 1145 2459 'et'Reginas
1167 2353 1226 2430 de·

127 2463 190 2536 illa
208 2463 320 2540 domo
343 2465 380 2535 in
398 2462 470 2538 hoc
489 2489 605 2568 regno
624 2464 763 2565 saepius
783 2465 952 2541 extitisse.
971 2465 1074 2553 Quae
1091 2463 1216 2536 omnia¹

93 2644 96 2649 ,
127 2568 264 2675 regiam
291 2570 531 2645 Serenitatem
556 2564 753 2662 inducunt,
788 2586 831 2644 ut
859 2596 943 2646 cum
962 2569 1156 2666 clarissimo
1176 2585 1214 2650 et

128 2674 423 2752 christianissimo
447 2674 674 2753 Francorum
699 2700 784 2781 rege
816 2678 1076 2753 strictissimam
1096 2677 1213 2751 socie·
1278 2736 1280 2741 ι

129 2783 242 2857 tatem
265 2800 301 2856 et
326 2772 687 2857 confoederationem
709 2780 936 2878 consideret,
965 2784 1124 2886 velitque
1140 2784 1213 2857 iam

127 2902 275 2965 exnunc
292 2887 338 2962 de
354 2887 452 2964 facto
474 2890 601 2962 initam
618 2886 820 2977 firmissime
837 2888 1032 2964 observare
1048 2906 1085 2964 et
1105 2885 1212 2991 quid-

128 2980 222 3100 quid
234 2996 325 3068 tanti
338 2996 432 3098 regis
447 2995 621 3096 sapientia
641 2990 895 3070 et'autho'ritas
914 3022 982 3099 pro
997 2994 1097 3070 bono
1111 3014 1212 3070 com·-
1238 3072 1240 3076 ,
1341 3028 1344 3034 ’

124 3103 229 3189 ιιιιιιιὶ
249 3101 501 3204 disposuerit,
518 3113 710 3201 acceptare
726 3112 765 3172 et
780 3115 915 3174 tenere.
944 3097 1021 3176 sed
1041 3098 1125 3203 quia
1133 3151 1154 3189 ,-
1171 3115 1212 3173 ut

127 3199 356 3308 Praedictum
384 3227 459 3305 est,
496 3203 601 3312 apud‘
617 3206 753 3314 regiam
777 3205 1002 3282 Maiestatem
1024 3215 1138 3308 usque
1163 3194 1211 3278 ad

127 3311 205 3390 ltoc'
215 3322 358 3421 tempus
374 3312 464 3391 hacc
480 3311 631 3414 luerunt
645 3309 825 3405 inaudita,
847 3313 898 3388 ita
914 3310 1016 3414 quod
1034 3312 1212 3389 ucc'con·

128 3416 249 3522 solere
266 3422 391 3529 potuit
412 3417 628 3523 superinde,
653 3436 746 3522 quos
765 3420 897 3495 merito
912 3419 1115 3512 debuissem
1135 3418 1211 3511 imo

127 3538 210 3602 nec>
225 3552 312 3604 cum
337 3525 410 3603 suis
436 3526 649 3602 consiliariis
670 3522 895 3600 sufficienter
926 3514 1043 3601 adliuc
1075 3520 1211 3600 delibe-

127 3646 231 3729 rare,
259 3650 297 3709 et
313 3634 403 3730 licet
421 3632 668 3737 dignissrmum
685 3629 830 3725 videtur
845 3629 1003 3708 Serenit.
1022 3649 1108 3708 suae
1127 3655 1213 3725 eos,

127 3751 213 3814 c'um
227 3738 366 3842 ‘quibus
384 3740 540 3842 aliquam
559 3737 830 3842 intelligentiam
848 3734 969 3833 habet,
990 3753 1031 3812 nt
1049 3734 1211 3814 Venetos
1266 3741 1272 3777 ³

127 3850 166 3920 et'
184 3846 403 3951 praesertim
419 3837 719 3949 principalissima
736 3847 848 3919 totius
864 3839 1132 3920 christianitatis
1153 3867 1212 3917 ca·

128 3942 225 4052 pita,
262 3948 386 4024 sedem
412 3947 581 4025 videlicet
612 3950 849 4052 apostolicam
876 3967 913 4023 et
939 3949 1221 4054 imperatoriam.

129 4053 403 4152 celsitudinem,
438 4054 649 4161 priusquam
675 4049 980 4161 adspectatores
1006 4053 1210 4160 conclusio·
