2708 4568
154 269 226 340 ttt

150 494 249 575 tear,
271 479 489 581 pertinacius
509 475 717 583 oppugnata
739 475 990 573 abbostibus,
1009 501 1121 580 quam
1134 502 1159 550 a
1178 477 1228 552 ci·

150 584 254 660 vibus
273 583 432 678 defensa,
448 601 548 661 recte
568 586 683 660 videri
702 599 834 688 potest.
856 585 990 685 inqua
1008 610 1049 658 re
1070 585 1102 658 si
1124 580 1230 685 quid·

151 691 434 796 quamiamplius
457 694 535 769 eius
555 692 624 769 viri
649 691 798 793 eloquio
821 690 1004 767 adiectum
1027 689 1156 784 fuerit,
1193 687 1231 762 id

27 860 30 867 .
150 799 235 892 licet
252 797 684 899 totumsuperabundare
703 823 779 871 non
797 796 982 889 dubitem,
1009 812 1141 900 utpote
1164 792 1230 900 ubi
1273 799 1274 803 ’

151 928 229 977 non
248 902 366 997 solum
380 904 591 981 intentionis
613 906 791 1007 cognitae,
810 901 875 979 sed
894 927 999 987 verae
1022 906 1131 976 etiam
1152 925 1234 974 exe·
1273 925 1275 928 ·

53 1008 55 1013 ⁴
153 1009 310 1082 curionis
330 1005 467 1084 relator
487 1008 654 1103 accedet3
674 1009 1002 1116 tamenexequenti
1022 1005 1124 1102 inihi,
1139 1024 1231 1109 quae

66 1138 69 1145 ·
151 1111 295 1188 adeam
318 1140 399 1188 rem
424 1116 587 1190 instituta
610 1108 716 1205 sunt,
743 1141 818 1188 non
840 1112 886 1187 ab
910 1139 952 1186 re
975 1115 1091 1187 visum
1117 1113 1240 1200 estin

125 1284 127 1288 .
148 1217 223 1297 ¹boc
243 1222 437 1322 procinctu
456 1246 540 1294 cum
561 1223 639 1322 ipso
663 1236 810 1295 oratore
831 1222 1137 1323 nostro‘miscere
1157 1222 1232 1293 'ser-

72 1413 76 1424 ‘
150 1345 325 1419 monem,
343 1352 428 1401 eum
450 1325 642 1419 videlicet,
672 1329 736 1428 qui
762 1327 845 1431 plus
873 1331 1033 1400 animum
1052 1325 1230 1426 solicitat,

55 1453 57 1460 '
150 1447 352 1535 urgetque,
381 1449 418 1505 ct
434 1459 508 1533 quo
531 1427 641 1536 mtgis
658 1449 784 1536 urget,
812 1436 859 1506 eo‘
874 1435 993 1506 minus
1007 1432 1140 1524 taceri,
1164 1432 1231 1519 mi·

54 1543 57 1546 ’
152 1563 292 1638 nosque
312 1540 351 1614 iu
374 1540 494 1613 animo
518 1563 602 1614 meo
627 1539 832 1615 oblitterari
852 1540 995 1640 potuit,
1031 1534 1233 1621 nibil⁸novi

153 1644 212 1720 vel
238 1643 353 1744 ignoti
371 1643 528 1736 addens,
565 1645 630 1721 sed
648 1662 688 1730 ut
709 1645 900 1731 refricatur
921 1642 1028 1734 dolor
1053 1643 1233 1717 malorum

152 1748 387 1856 publicorum
408 1776 574 1843 sensum,
602 1750 966 1844 totmalisduratum
984 1748 1134 1848 reficiat,
1157 1774 1233 1820 ma·

65 1879 68 1901 ¹
154 1860 286 1960 gisque
305 1874 432 1930 notum
453 1854 534 1950 fiat,
562 1857 649 1932 belli
670 1856 775 1947 buius
797 1884 942 1949 causam
960 1859 1135 1949 maiorem
1155 1879 1231 1930 esse

37 1969 41 1974 ’
77 1965 86 1980 “
154 1988 264 2065 quam
295 1961 442 2038 bellum·
475 1963 650 2057 Lustrum
680 1962 805 2070 prope*
827 1961 1058 2060 yicesimum,
1092 1963 1123 2036 si
1150 1977 1231 2063 apte

151 2063 301 2176 memini
325 2068 595 2173 circumagitur,
606 2097 681 2173 quo
696 2075 967 2175 Europae‘oras
989 2068 1231 2144 infeste'Teu·

154 2201 445 2270 crorumarma,
480 2177 880 2278 Deum,hominesque
901 2175 1080 2249 violatura
1103 2176 1235 2277 pervo-

153 2282 294 2376 larunt,
331 2308 449 2384 oaque
469 2300 553 2385 post
572 2283 758 2359 subactam
780 2284 972 2385 plusquam
994 2281 1105 2378 brevi*
1119 2283 1233 2357 Grae·

140 2389 265 2482 aian,
284 2388 531 2467 Macedoniae
553 2389 686 2480 deinde
707 2418 749 2465 ac
764 2392 971 2492 Hungariae
986 2414 1112 2492 rmus,
1132 2413 1233 2492 prae·

154 2507 254 2568 terea
273 2494 467 2587 Albaniae,
495 2499 583 2569 item
609 2497 715 2590 alias,
740 2515 783 2571 ut
810 2495 931 2589 diana,
962 2497 1013 2580 ita
1037 2512 1075 2569 et
1093 2519 1233 2571 memo·

154 2604 237 2673 ratu
264 2599 500 2696 miserandas,
529 2603 701 2702 plurimas
729 2620 862 2693 terras,
902 2602 980 2677 aliis
1008 2625 1117 2703 super
1147 2598 1233 2670 alias

155 2703 315 2779 cladibus
339 2708 558 2810 completas,
586 2707 746 2810 superbo
773 2699 954 2801 ludibrio,
971 2706 1102 2798 ruina,
1126 2702 1231 2777 fune·

154 2808 277 2904 ribus,
305 2815 498 2914 servitute,
537 2813 905 2918 religionis-denique
922 2817 1081 2907 iactura,
1109 2807 1232 2897 delor-

26 2998 41 3013 ,
64 2968 67 2975 ·
153 2932 282 3010 metas,
309 2917 347 2990 in
367 2923 576 3025 peregrinos
594 2922 707 3015 ritus,
735 2946 875 3014 mores,
902 2921 1071 3023 legesque
1090 2943 1131 2991 ac
1154 2910 1234 2989 inli-

154 3020 224 3097 dae
247 3022 389 3126 linguae
407 3029 669 3104 commercium
691 3030 984 3101 interverterunt
1010 3021 1112 3111 Nihil
1133 3023 1234 3096 inco-

154 3128 261 3204 lumis
289 3132 385 3204 inter
416 3158 535 3227 sacra,
563 3132 809 3236 profanaque,
843 3131 934 3206 nibil
966 3125 1147 3232 inquam,
1173 3130 1234 3202 cui

110 3305 114 3312 .
154 3233 270 3328 ferro,
294 3239 531 3330 terrore,.cui
548 3241 691 3314 flamma
701 3252 743 3314 'et
760 3241 844 3342 iugo
865 3239 993 3313 noceri
1014 3238 1158 3340 potuit,
1179 3235 1236 3306 in·

98 3369 122 3379 ·’
154 3341 280 3416 violati
304 3343 566 3447 relinquendo,
586 3357 635 3419 'ut
654 3366 726 3419 una
746 3371 913 3450 quaeque
935 3343 1048 3447 gradu
1068 3341 1235 3444 proxima

155 3464 268 3539 erant,
283 3448 333 3521 ita
351 3452 570 3553 ignominiae
589 3451 748 3546 obiecta,
773 3453 868 3545 Hinc
886 3448 1010 3527 omnes
1026 3449 1233 3533 circumvi-

155 3552 256 3628 cinos
272 3557 403 3654 passim
423 3559 495 3650 vis,
524 3573 634 3662 atque
652 3574 842 3661 tempestas
866 3558 926 3634 illa
945 3556 1074 3633 adorta
1100 3569 1164 3628 est
1184 3588 1240 3612 -·

153 3657 358 3759 Nouissime
384 3659 431 3734 ad
457 3663 711 3767 ipsiui'lenne
729 3666 899 3770 Europae
917 3663 1132 3751 umbilicum
1152 3687 1237 3763 per·

134 3765 137 3771 ’
153 3781 300 3869 vagata,
316 3766 467 3857 tandem
483 3768 597 3857 'huius
614 3772 715 3875 regni
732 3786 771 3844 et
778 3774 924 3876 patriae
940 3785 1086 3846 nostrae
1105 3765 1237 3842 adhae-

154 3871 203 3944 sit
230 3871 415 3961 lateribus.
448 3877 610 3966 'Miretur
638 3881 742 3981 pater
757 3876 983 3970 ›beatissimQ
1022 3876 1234 3976 quinovit,

155 3997 233 4078 quo
261 3994 369 4080 pacto
387 3980 579 4079 adtenta,
609 3990 762 4087 tamque
788 3984 883 4061 dura
901 3982 1071 4088 patienda
1090 3983 1235 4087 potius,
