2708 4568
175 205 270 368 atil

173 476 249 536 tota
267 460 499 535 universitate
523 456 704 532 nobilium
721 448 890 559 guerram·
915 464 995 530 non‘
1007 444 1272 547 movebimus,

122 631 125 640 .
172 567 355 668 nec'ipsos
373 582 410 637 et
427 590 553 638 eorum
579 560 763 654 subditos,
789 557 952 636 homines
974 579 1012 637 et
1036 563 1137 639 bona
1154 564 1254 650 inva-

173 673 320 762 demus,
348 686 411 743 aut
438 672 568 771 quovis
595 666 1060 770 mododamnilicabimus,
1091 665 1161 744 >sed
1190 695 1254 742 ne-

118 840 121 848 .
172 806 243 883 que
267 802 335 878 per
366 792 509 850 nostros
536 774 702 851 subditos
730 800 772 849 ae
796 773 1029 849 adhaerentes
1060 773 1256 866 invadere,

171 902 235 957 aut
261 882 390 983 quovis
416 881 527 964 modo
555 879 786 980 damnificare
806 883 1064 984 permittemus.
1099 878 1254 971 Sedsu·

74 1076 77 1081 .
147 1023 150 1029 ·
171 1016 238 1097 per
259 988 321 1064 tali
343 1003 472 1091 nostra
492 987 642 1063 actione·
664 1006 748 1062 cum
773 984 906 1081 eodem
925 989 977 1085 D·
996 986 1254 1084 Gubernatore

152 1096 225 1170 sic
248 1087 508 1195 disponemus,
527 1087 635 1169 sicuti
656 1109 800 1172 nostrae
816 1108 854 1183 et
871 1092 983 1197 ipsius
994 1108 1177 1183 ,caverunt
1198 1120 1253 1164 1n·

64 1208 66 1211 ’
142 1202 388 1302 ,εονίριίοηοε
424 1197 619 1315 superinde
657 1197 870 1291 confectae,
907 1200 1132 1302 praescripta
1163 1225 1254 1300 pace

173 1331 316 1408 semper
334 1305 466 1380 illaesa.
485 1300 542 1364 ..'.
556 1342 613 1364 -··
629 1306 712 1379 Hoc
731 1321 850 1383 tamen
867 1304 1071 1406 specialiter
1089 1300 1254 1392 adiecto,

94 1469 96 1472 ψ
124 1471 128 1490 ,
175 1410 324 1515 quodsi
344 1436 565 1514 quocunque
589 1427 753 1513 tempore
778 1412 873 1485 intra
896 1405 1104 1485 huiusmodi
1127 1434 1255 1512 pacem

176 1537 213 1600 et
227 1514 477 1593 concordiam
503 1517 632 1603 initam
658 1517 807 1616 aliquae
828 1515 1045 1610 insolentiae
1057 1515 1254 1624 perturba·

113 1693 115 1701 s
139 1712 142 1720 Ι
175 1627 293 1707 tiones
315 1640 358 1697 ‚et
377 1621 512 1708 damna
534 1649 600 1725 per
622 1623 788 1698 occidens
812 1641 867 1698 ex'
886 1621 1042 1725 abrupto
1054 1652 1083 1717 ,a
1099 1621 1256 1696 subditis

129 1820 130 1823 Ἴ
174 1731 331 1834 partium
358 1745 597 1831 utrarumque
630 1745 691 1803 atat
719 1731 826 1804 unius
849 1722 959 1832 partis
992 1729 1257 1818 contra·aliam

176 1837 496 1933 committerentur
511 1853 549 1910 et
571 1832 717 1928 fierent,
747 1833 886 1919 obhoc
907 1831 1113 1936 huiusmodi
1131 1861 1201 1932 pax
1220 1851 1257 1904 et

81 2008 85 2014 ,
174 1959 352 2046 perpetua
370 1943 489 2032 ‘'stuio,
519 1963 601 2016 ‘non
630 1958 759 2045 rupta,
778 1940 853 2016 sed
875 1942 1012 2043 integra
1033 1960 1071 2015 et
1087 1942 1259 2044 vigorosa

178 2072 390 2161 permanere
410 2047 558 2141 debeat,
583 2050 621 2122 in
644 2046 813 2148 omnibus
833 2048 905 2122 suis
920 2048 1092 2123 ‘clausulis
1109 2062 1146 2120 et
1163 2073 1258 2148 pun·

129 2149 131 2152 ⁵
175 2155 269 2246 etis3
301 2151 366 2228 aed
390 2179 458 2226 nos
476 2153 522 2225 ab
542 2171 696 2257 utraque
712 2171 818 2259 parte
841 2151 1002 2229 arbitros
1025 2169 1063 2228 et
1080 2148 1264 2228 reforma

108 2334 112 2340 ,
179 2269 276 2336 t'o'res
298 2260 422 2333 talium
447 2277 593 2333 actuum
611 2262 871 2334 iniuriosorum
887 2300 940 2312 -·-
958 2282 1101 2361 semper
1116 2261 1154 2332 in
1172 2259 1261 2334 civi·

180 2383 252 2441 tate
268 2366 504 2450 ,castoriensi
528 2398 581 2428 -‘-
611 2367 658 2440 ad
681 2363 962 2441 discernendum
987 2366 1177 2468 elegimus,
1207 2402 1258 2417 ·-·

177 2472 246 2574 qui
273 2487 389 2576 prout
420 2470 670 2562 decreverint,
707 2469 907 2546 seerutdum
932 2498 1059 2546 eorum
1086 2472 1260 2548 reforma·

180 2570 318 2652 tionem
345 2602 430 2679 pars
456 2576 630 2648 alterutra
657 2579 754 2678 parti
783 2577 897 2652 laesae
918 2578 1199 2653 satisfactionem
1224 2591 1262 2652 et

121 2677 130 2781 ἱ,
182 2679 403 2756 refusionem
429 2679 644 2756 damnorum
668 2681 794 2757 facere
805 2682 992 2756 tenebitur
1011 2700 1048 2757 ct
1066 2682 1262 2773 exhibere,

180 2789 253 2862 isto
269 2790 390 2860 tamen
411 2778 573 2879 incluso,
605 2787 707 2891 quod
725 2803 830 2890 pacta
850 2786 1057 2864 huiusmodi
1074 2788 1264 2864 arbitrato·
1306 2811 1309 2822 ·

182 2918 264 2985 rum
282 2891 405 2966 solum
428 2893 616 2995 usquead
642 2911 801 2998 tempus,
841 2918 917 2995 quo
944 2893 1201 2971 serenissimus
1216 2896 1264 2968 D.

128 3059 135 3068 .
182 3014 308 3075 noster
323 2999 404 3072 Rex
422 2989 610 3074 liadislaus
631 3003 670 3075 in
685 3000 757 3076 hoe
774 3010 891 3102 regno
914 3025 981 3076 suo
993 3002 1263 3098 constituetur,

182 3112 247 3182 atu
271 3104 364 3180 alter
390 3123 475 3206 post
500 3106 578 3182 eius
607 3106 812 3200 decessum,
849 3115 971 3209 quem
985 3108 1193 3190 Altissimus
1218 3105 1265 3180 ad

134 3214 138 3223 '
180 3212 293 3316 longa
310 3225 476 3311 tempora
496 3213 713 3316 protrahere
733 3213 920 3315 dignetur,
946 3211 1051 3287 huius
1071 3218 1174 3318 regni
1192 3241 1267 3289 sus·

184 3321 298 3425 cipiet
320 3313 589 3421 'gubernacula‚
636 3321 758 3422 vigere
790 3315 1014 3394 debcant‘et
1035 3323 1266 3422 permanere,

78 3442 82 3450 ‘
184 3440 224 3501 et
246 3441 380 3500 extunc
412 3439 480 3514 nos
508 3424 665 3498 loannes
695 3425 824 3498 Giskra
855 3425 894 3497 in
918 3422 1025 3501 factis
1052 3425 1267 3516 iudiciariis,

185 3557 268 3610 eum
290 3536 515 3632 quocunque
536 3530 800 3631 regnicolarum
820 3549 926 3630 agere
950 3531 1189 3624 habebimus,
1215 3524 1268 3604 iu-
1298 3575 1302 3579 ·

183 3631 284 3713 dicio
301 3638 403 3738 regni
413 3696 415 3700 ,
426 3634 592 3708 volumus
617 3634 761 3711 adstare
779 3634 1040 3754 etdebeamus.
1245 3654 1249 3662 '

228 3820 344 3888 Bellum
362 3827 393 3886 et
410 3834 515 3903 pacem
533 3837 603 3879 eum
612 3789 721 3896 Giakra
739 3793 848 3910 initam‘
860 3797 1119 3910 Chalcocondylas
1131 3829 1269 3896 lsruiter

50 3925 52 3929 ¹
140 4013 143 4018 ,
265 3937 454 4002 ‘iuretur
486 3933 570 4020 apud
589 3936 713 4001 Stritter
730 3939 818 4001 Torn·
839 3939 1029 4025 Iugulum.
1065 3949 1270 4028 „eomm-
