2708 4568
1162 344 1211 418 ll

126 539 338 620 llalaclria'm
355 541 522 641 'attinet,'
552 544 622 619 sita
650 565 755 643 sunt,
792 544 843 625 ol)
864 574 944 626 rem
964 548 1059 627 bene
1078 565 1216 656 gestam

98 652 101 658 ’
131 650 289 730 dorm.
319 650 445 729 Prima
464 646 561 726 ltunc
580 650 775 749 (loannem
794 653 922 756 lilium)
941 657 1121 765 stipendia
1143 655 1213 732 sub
1325 679 1328 686 ·

130 783 263 864 rmgaro
272 757 390 832 Halae
400 756 512 853 (alae)
520 756 711 862 praefecto
733 758 860 837 fecisse
883 778 1096 863 memorant.
1119 762 1216 841 Nos·

130 888 199 967 que
228 892 249 937 a
273 864 371 939 *divo
402 859 540 938 Mathia
575 888 839 968 nonnunquam
868 866 1090 964 audivimus,
1132 896 1216 945 eum

130 969 307 1047 Praefecti
329 968 492 1046 eiusdem
519 967 632 1045 lilium
656 974 957 1079 inconspectum
984 972 1212 1070 admitteret,

180 1080 232 1155 od
250 1076 300 1177 de
316 1094 421 1179 patre
449 1076 646 1183 convenas
673 1072 721 1151 ad
739 1076 828 1154 alios
848 1083 1004 1187 ingenue
1022 1072 1215 1169 latebator,

130 1100 200 1258 ffic
219 1196 295 1279 est,
317 1183 456 1289 inquit,
478 1181 576 1259 illias
592 1182 777 1289 optimatis
793 1174 949 1291 gualos,
962 1184 1040 1297 *aab
1058 1210 1134 1297 quo
1142 1186 1220 1295 pa·-

131 1304 186 1369 ter
203 1312 308 1366 merra
323 1312 483 1394 primum
501 1293 656 1385 meruit,
683 1296 889 1401 rooemqne'
906 1290 1135 1371 estanoris
1151 1316 1216 1370 ex·

132 1397 256 1498 μήθ*
279 1416 369 1473 mox
384 1395 545 1500 propria'
555 1397 711 1493 virtute,
739 1394 911 1501 fortuna
960 1392 1216 1478 «dexteritate

133 1502 266 1598 laetos,
302 1504 425 1577 monia
457 1506 646 1607 quaequae
676 1498 827 1580 militiae
849 1500 924 1579 lion
949 1498 1215 1597 r'ilicenlisaime

132 1610 256 1716 gessit,
282 1624 333 1684 ‘tx
357 1606 460 1683 bono
482 1624 617 1713 tyrone
642 1611 745 1684 miles
771 1594 1212 1707 fortisslrriiis,'ex'inilite

132 1721 332 1821 imperator
349 1715 508 1817 optimus
523 1714 679 1792 emersit.
690 1706 938 1825 Per-singullrs‘
953 1716 1098 1795 ordines
1114 1718 1212 1805 miro

132 1821 264 1914 landis,
282 1822 493 1927 gloriaeque
510 1840 701 1914 successu,
725 1823 797 1924 iam
816 1817 983 1929 evectiis,
1003 1818 1213 1931 provincias

133 1952 214 2004 anm
247 1929 402 2033 imperio
434 1927 560 2001 sortiri
593 1931 724 2030 coepit.
778 1933 873 2006 Cum
909 1932 1215 2034 praestantissima

136 2037 362 2112 Graecorum
392 2031 507 2108 domo·
530 2030 745 2113 affinitatem
770 2037 886 2119 inivit,
923 2038 1021 2113 Hinc
1046 2036 1223 2114 Elisabe·'

135 2140 228 2217 tham
240 2150 264 2236 ,'
281 2166 374 2247 qnae
392 2136 599 2216 Ladislaum
617 2137 866 2244 Mathiamque
886 2146 1010 2246 gennit
1020 2199 1032 2234 ,
1057 2134 1215 2219 uxorem

134 2247 270 2325 ducit.“
304 2248 394 2324 Dec.
415 2247 476 2322 III.
503 2241 652 2334 lib.1V‚
682 2285 735 2303 -
760 2247 872 2322 Item:
909 2246 1095 2342 „Mathiae
1114 2244 1215 2352 regi,

134 2340 703 2459 quemadmodum.aupradiotum
724 2370 797 2448 est,
820 2356 843 2428 J
854 2381 1023 2433 oannes
1046 2357 1167 2432 Conv
1181 2348 1225 2431 i·'

133 2488 212 2536 nus
236 2477 339 2565 pater
356 2459 438 2535 fuit.¹
474 2459 570 2533 Bardi
591 2457 785 2535 Valachi
810 2459 966 2559 filius,
995 2460 1229 2565 in'paterno'

133 2570 367 2670 pogonatus,
406 2592 517 2670 quem
534 2582 659 2641 nostra
687 2569 799 2641 etiam
825 2572 942 2644 aetate
958 2571 1218 2663 Corvinum

133 2668 295 2774 (Hollt'rs)
315 2674 444 2748 dicunt
455 2729 466 2767 ,
503 2675 703 2775 imperante
721 2673 976 2776 sigismundo,
1004 2703 1119 2780 aquo
1140 2678 1215 2753 vir·

136 2798 187 2855 tus
211 2782 291 2854 eiu's
319 2796 357 2854 et
380 2781 492 2853 animi
517 2776 728 2883 magnitudo
756 2783 877 2881 primo
900 2783 1024 2885 coepit
1042 2782 1214 2886 intelligi,

133 2882 247 2962 maier
270 2912 359 2961 vero
387 2867 661 2960 Elisabetha
688 2884 895 2988 Szilagia
924 2888 1049 2990 virago
1070 2911 1216 2991 semper

133 2991 275 3066 habita..
292 2993 327 3067 Is
345 2993 460 3068 veluti
479 2995 619 3094 saepius
638 3019 658 3067 a
675 2992 890 3096 parentibus
909 3009 1109 3094 acceperat,
1131 3018 1217 3070 oum

134 3098 370 3192 adolevisset,
399 3125 437 3174 se
463 3124 611 3173 romana
634 3112 743 3201 gente
764 3113 882 3170 satum
906 3096 1129 3193 affirmabat,
1158 3123 1217 3174 re·

133 3204 278 3281 larebat
297 3229 410 3310 genus
429 3206 467 3279 in
483 3206 684 3296 corvinos,
713 3204 778 3311 qui
798 3205 894 3277 inter
920 3207 1059 3309 priscas
1081 3206 1216 3281 Roma·

131 3338 267 3388 norum
287 3312 436 3385 familias
454 3325 719 3386 numerantur·
737 3311 926 3386 Generosa
944 3310 1115 3415 sanguine
1132 3334 1230 3385 sues

133 3444 273 3512 cenam,
303 3432 340 3493 et
359 3418 625 3493 Transilvaniae
645 3412 829 3509 finitimus,
850 3418 889 3490 in
907 3417 1134 3521 provinciam
1154 3441 1216 3492 ve·

132 3527 204 3617 nit,
233 3550 253 3596 a
272 3525 454 3628 principio
482 3526 522 3599 in
541 3520 778 3625 Chyalrorum
803 3519 1085 3598 familiaritatem
1102 3547 1142 3598 se
1162 3523 1218 3598 in·

131 3631 308 3723 sinuavit,
348 3629 502 3707 adaucto
528 3656 617 3705 mox
647 3629 767 3702 animo
798 3629 977 3731 ingressus
997 3628 1237 3737 Hungariam'

131 3737 328 3823 Franciaco
346 3735 556 3812 Chanadino
576 3737 715 3810 servire
737 3736 878 3837 coepit,
908 3734 1101 3857 cuiusque
1123 3731 1216 3808 adeo

133 3839 270 3918 charus
293 3840 384 3938 luit,
410 3857 454 3917 ut
479 3868 548 3948 pro
568 3840 645 3916 filio
669 3838 879 3922 haberetur.
907 3838 987 3916 Sub
1013 3838 1085 3916 lro'o
1103 3832 1221 3916 fausta
1276 3833 1279 3839 ’
1337 3846 1342 3853 ’

134 3948 498 4056 tyrocinii-auspicia
522 3949 765 4040 sortitns'est,
802 3944 916 4021 cliens
935 3942 1071 4023 deinde
1082 3940 1217 4022 Deme·
1324 3962 1328 3970 ·

134 4054 196 4130 trii
218 4052 469 4158 Zagrabiensis
486 4036 654 4159 lipiscnpi
676 4050 813 4143 lactus,
841 4077 926 4129 cnm
945 4055 1066 4157 ignavi
1088 4076 1221 4158 expers
