2708 4568
1160 319 1252 391 st‘

129 524 233 599 modi
255 528 476 629 occupatori
507 529 730 631 integraliter
757 530 884 608 decem
914 559 1056 608 marcae
1084 533 1213 607 exsol-

127 646 343 706 venun.-
361 673 413 687 -
437 635 616 708 Volumus
642 638 771 726 etiarn,
799 654 840 712 ut
860 666 985 717 omues
1004 636 1158 714 Valaebi
1177 655 1214 713 et

136 734 249 813 Sclavi
275 779 331 794 -
360 737 473 814 modo
502 745 701 843 praemisso
733 743 918 834 dicentur,
953 763 991 821 et
1010 745 1056 820 ab
1077 743 1214 820 eisdem
1333 790 1335 797 ·

137 843 425 921 irremissibiliter
444 846 560 922 dicata
578 851 779 951 exigantur.
795 892 846 904 -·-
864 856 1000 925 Datum
1018 854 1055 926 in
1073 849 1211 952 oppido

137 946 300 1026 Pestiensi
330 953 368 1025 in
403 953 497 1028 festo
523 957 700 1058 Corporis
726 956 880 1050 Christi,
918 959 1027 1032 An'no
1053 956 1213 1034 eiusdem

141 1056 426 1134 MCGCCXLVI.

177 1202 343 1290 Ecymeliis
356 1197 498 1268 biblioth.
514 1205 730 1290 Quinqneecel.
759 1152 947 1290 Apprcssum
968 1217 1016 1270 est
1029 1208 1116 1294 regni
1131 1206 1215 1296 sigil-
1260 1269 1264 1276 .

226 1304 288 1397 lum
303 1327 373 1368 eum
391 1328 482 1369 cruce
496 1306 678 1391 dupplicata.
744 1341 747 1345 ·

473 1530 476 1535 ·
593 1493 734 1570 XXIX.
790 1548 793 1556 ,

143 1647 265 1706 Ioannes
280 1641 318 1705 de
330 1640 476 1724 Hunyad
491 1642 691 1704 Gubernator
706 1665 820 1705 munus
838 1645 899 1708 sibi
916 1644 1054 1715 &latum
1070 1648 1212 1730 Eugmio

225 1748 331 1824 Papae
356 1746 518 1815 nemean
549 1746 582 1802 in
613 1744 725 1804 unione
746 1741 833 1805 domi
863 1744 1045 1827 reparanda
1067 1746 1215 1821 laborem

225 1859 337 1912 contra
359 1843 555 1906 Fridericum
582 1846 815 1926 imperatorem,
835 1849 1023 1928 reipublicae
1048 1851 1214 1927 infestum,

225 1971 321 2011 armo
335 1959 445 2012 movet.
467 1948 527 2010 An.
545 1945 639 2008 1446.
720 2013 723 2018 .

224 2080 431 2158 Beatissime
457 2079 583 2155 Pater!
620 2080 751 2184 Magoa
775 2057 865 2153 mibi
887 2106 1001 2183 opera
1024 2108 1116 2185 opus
1139 2097 1216 2157 estt

140 2206 175 2263 ut
193 2187 299 2294 digne
326 2215 512 2299 assurgere
535 2188 672 2260 valeam
701 2187 747 2262 ad
767 2187 922 2291 agendas
948 2190 1079 2287 gratias
1101 2186 1211 2276 beati,

138 2294 249 2370 tudini
272 2313 432 2386 restrae,
470 2320 563 2396 quae
585 2320 631 2366 ex
657 2291 881 2398 benignitate
909 2297 1013 2369 solita
1039 2288 1149 2368 rebus
1177 2308 1215 2366 et

137 2398 352 2478 successibus
381 2403 470 2475 meis
502 2404 573 2474 iam
606 2426 711 2502 saepe
742 2426 896 2475 numero
923 2400 1111 2474 collaetari
1148 2397 1214 2474 du·

135 2508 203 2601 xit,
229 2534 272 2581 ea
290 2533 437 2609 quoque
455 2508 492 2579 in
516 2507 702 2581 meliorem
728 2533 872 2608 semper
898 2509 976 2610 spei
992 2523 1134 2609 partem
1158 2506 1213 2579 in·

135 2615 343 2719 terpretari,
391 2638 483 2715 quae
513 2613 594 2716 plus
622 2615 741 2689 oneris
767 2612 880 2710 mihi,
917 2641 1028 2717 quam
1062 2608 1213 2713 honoris

132 2719 367 2822 quidcunque
388 2717 608 2794 subducunt.
648 2719 692 2793 Id
710 2745 844 2823 genere
867 2746 978 2822 genus
997 2720 1064 2822 ipsi
1084 2717 1213 2792 beatu·

131 2826 207 2903 dini
225 2841 364 2900 restrae
384 2851 480 2900 nune
501 2826 656 2899 maxime
675 2828 848 2929 ampliare
867 2826 1022 2925 placuit,
1050 2823 1234 2926 quando-t

131 2931 279 3037 quidem
304 2929 624 3036 impositumsmibi
641 2930 894 3035 gubernatoris
912 2930 1055 3033 pondus
1075 2929 1211 3004 favoris

129 3041 252 3146 potius
271 3063 360 3132 esse,
383 3063 493 3139 quam
512 3063 619 3112 curae
636 3033 925 3140 congratulando
944 3033 1121 3111 arbitrata
1137 3047 1209 3125 est,

129 3168 351 3250 quamquam
375 3170 453 3219 non
469 3141 719 3249 dubitaverit,
737 3143 827 3229 ,altis
845 3144 935 3217 meis
958 3139 1128 3217 laborum
1147 3166 1209 3214 eu·

129 3253 236 3327 mulis
253 3251 327 3326 boe
343 3274 495 3344 munere
512 3249 661 3324 altiores
680 3273 768 3325 esse.
784 3287 840 3305 -
858 3287 908 3303 -
929 3247 1069 3322 Pronus
1088 3259 1211 3319 autem

128 3361 265 3433 mimus
290 3383 392 3433 meus
418 3371 505 3457 est,
530 3372 568 3431 ct
594 3356 759 3430 voluntas
777 3382 854 3431 non
876 3357 1017 3456 impar,
1053 3349 1101 3426 ad
1112 3373 1209 3423 exe·

130 3462 316 3567 quendum
337 3489 400 3554 ea,
435 3484 529 3564 quae
554 3459 742 3538 beatitudo
761 3479 886 3554 ,vestre
908 3461 1089 3537 bortatur.
1125 3451 1209 3531 l’ul·

124 3569 216 3647 ebra
239 3573 313 3645 iarn
344 3569 487 3644 unionis
510 3584 548 3645 et
574 3567 793 3644 concordiae
820 3566 1075 3656 fundamenta,
1107 3559 1239 3661 dono,
1283 3590 1318 3661 Ἰ

128 3677 298 3767 Domini,
316 3677 409 3750 iacta
427 3691 523 3751 sunt
551 3674 718 3751 Restaret
735 3672 1033 3778 superaedificare
1059 3694 1209 3774 pacem,

128 3809 220 3885 quae
243 3782 320 3857 sola
341 3798 378 3855 et
407 3782 521 3882 prima
542 3782 676 3854 virium
701 3782 828 3884 populi
854 3779 1042 3853 christiani
1066 3775 1210 3849 auctrix

127 3914 204 3965 esse
221 3905 346 3994 posset
362 3886 531 3975 adversus
549 3882 751 3961 infidelium
767 3887 920 3960 insultus
938 3877 1214 3986 propellendos.-

128 3993 206 4073 Sed
229 3994 317 4098 quia
334 4010 436 4093 pater
458 3992 685 4084 beatissime,
721 3994 798 4095 ipsa
815 4017 888 4095 pax
905 4005 1029 4066 nostra
1044 4012 1207 4089 commu·

180 4117 428 4222 Hunyadiana
990 4126 1012 4190 7
