2708 4568
53 248 236 407 ‘lut
384 290 401 307 ·’
749 321 752 329 ·

74 512 77 527 ’
159 530 423 624 gravarentque
442 515 552 590 etiam
571 512 616 588 de
636 519 838 621 praesenti,
864 506 992 599 conus
1012 515 1164 620 gratiam
1183 543 1242 592 au·

158 623 328 701 thoritate
352 638 497 695 nostrae
516 619 788 725 gubernationis
807 623 875 725 ipsi
887 610 1030 697 factam.
1052 613 1162 697 Vnde
1179 651 1246 701 nos

158 729 407 838 praesentibus
431 727 533 807 bisce
562 733 694 804 nostris
732 732 953 833 requirimus
978 728 1274 805 dominationes.

63 905 66 913 ,
160 855 295 914 vestras
316 852 353 909 et
374 833 631 924 fraternitates,
654 846 828 937 quatenus
851 835 1033 939 praefatos
1059 841 1245 938 egregium

120 1033 122 1038 Ι
160 945 256 1020 Voil
279 943 328 1017 de
346 941 525 1034 Chionol,
546 969 588 1015 ac
611 946 814 1026 Ladislaum
839 961 875 1017 et
896 938 1131 1037 Sandrinum,
1153 944 1248 1040 filios
1285 963 1287 966 ⁴

161 1048 343 1142 eiusdem,
365 1075 530 1123 necnon
545 1051 669 1148 Daan,
690 1050 803 1153 filium
823 1050 979 1141 Jarizlo,
1002 1054 1246 1152 posteritates·

118 1218 120 1223 .
162 1184 235 1260 que
264 1157 425 1259 ipsorum
446 1158 651 1250 universas,
690 1160 726 1231 in
748 1159 910 1258 ipsorum
938 1159 1245 1257 possessionibus,

37 1270 39 1279 ¹
70 1258 73 1268 ²
161 1262 425 1370 putaChionok
447 1261 631 1362 praedicta
653 1267 837 1362 etHatzeg
859 1283 896 1338 et
913 1259 1089 1356 Dobola,
1111 1266 1149 1337 in
1168 1264 1246 1338 Hu-

152 1370 262 1471 ‘n'yad
282 1366 505 1444 districtibus
528 1366 668 1465 habitis,
685 1373 799 1471 'nttllo
814 1369 1076 1473 impedimento
1097 1376 1160 1444 eos
1181 1373 1246 1443 im·

162 1474 291 1583 pedire
313 1475 435 1558 facere
455 1472 674 1595 dignemini,
703 1477 772 1551 sed·
784 1477 932 1552 eosdem
957 1502 999 1548 ac
1017 1478 1246 1578 posteritates

41 1646 44 1651 .
163 1569 376 1658 eorumdem
409 1606 617 1674 universas,
662 1583 708 1658 ab
735 1585 835 1657 omni
862 1583 1072 1656 exercituali
1096 1581 1245 1684 expedi;

163 1691 284 1779 tione,
311 1690 545 1763 servitiorum
563 1689 724 1764 collectis
748 1709 784 1763 et
803 1689 908 1764 datiis
932 1688 1120 1790 quibusvis
1141 1689 1244 1762 volu·

136 1837 139 1841 ·
162 1807 243 1870 mus
260 1794 394 1868 babere
410 1813 609 1896 exemptos
632 1799 707 1871 imo
726 1799 917 1872 eximimus
937 1811 974 1867 et
990 1811 1244 1897 supportamus

129 1987 132 1993 ,
163 1903 409 2005 praesentium
429 1927 494 2001 per
513 1904 690 2004 vigorem.
706 1905 799 1978 “Pro
819 1928 885 1991 eo,
910 1903 1121 2004 quicunque
1142 1903 1245 2004 regni

163 2005 368 2110 Hungariae
387 2017 629 2102 successores,
659 2011 888 2110 Praelatique
911 2026 947 2080 et
964 2008 1123 2082 Berones
1143 2008 1245 2110 regni

65 2132 70 2143 ’
163 2116 390 2219 Hungariae,
423 2106 677 2220 signanterque
697 2116 898 2192 'Castellani
933 2130 1136 2205 castrorum
1161 2115 1246 2187 Hu-

163 2220 260 2322 nyad
282 2238 318 2294 et
343 2223 478 2324 Hatzeg
497 2221 784 2318 praedictorum,
807 2221 1066 2324 praescriptam
1085 2237 1244 2294 nostram

140 2361 141 2368 ¹
161 2329 313 2431 gratiam
335 2327 531 2427 infringere
559 2331 835 2420 attentaverint,
870 2325 1154 2427 indignationem
1175 2327 1244 2413 Dei

164 2434 440 2531 omnipotentis,
468 2456 625 2535 suaeque
652 2436 836 2536 genitricis
857 2434 1017 2532 Virginis
1043 2433 1242 2532 gloriosae,

164 2538 384 2614 Sanctorum
401 2538 499 2610 Petri
526 2555 563 2610 et
580 2541 682 2614 Pauli
701 2539 983 2645 Apostolorum,
1016 2564 1057 2610 ac
1081 2541 1243 2612 omnium

85 2733 89 2749 s
144 2712 146 2716 a
164 2643 383 2719 Sanctorum
402 2642 591 2716 incurrant
613 2663 652 2719 et
672 2672 718 2725 eo
741 2647 837 2722 facto
857 2642 1143 2719 anathematizati
1161 2645 1242 2718 sint.

162 2752 299 2824 Datum
324 2751 364 2849 in
379 2748 625 2843 Karansebes,
656 2750 746 2827 lesia
767 2750 940 2843 secunda,
972 2749 1138 2854 proxima
1159 2766 1243 2822 ante

156 2846 294 2953 ‘festum
325 2839 576 2931 decollationis
600 2855 637 2934 S.
657 2859 806 2934 Joannis
822 2859 1015 2961 Baptistae.
1037 2851 1243 2931 announ-

159 2958 252 3037 inini
278 2960 471 3036 Millesimo
502 2959 855 3069 quadringentesimo
885 2959 1158 3066 quadragesimo
1189 2989 1243 3038 se·

103 3119 106 3123 -
161 3066 319 3173 ptimo.“
340 3069 383 3143 L.
407 3067 447 3144 S.
1001 3070 1007 3082 ’

93 3243 97 3253 ·
202 3206 228 3276 Ε
246 3182 420 3284 umento
433 3207 583 3275 Gabrielis
597 3207 726 3273 Betblen
745 3211 802 3272 An.
817 3207 900 3274 1609
919 3216 1081 3309 amanites
1185 3157 1186 3160 =

611 3401 789 3477 mx.
855 3350 861 3363 f

162 3539 250 3606 {aaa
269 3522 381 3624 pacem
406 3563 478 3605 cum
498 3540 660 3605 mederico
674 3544 755 3624 Imp.
773 3545 1000 3642 conficiendam
1014 3569 1076 3628 per
1091 3551 1243 3612 locatum

138 3701 142 3710 ,
257 3647 458 3710 Cordinolem
477 3644 508 3709 S·
529 3646 570 3708 A·
588 3648 743 3729 Legatum
761 3662 862 3732 urget.
885 3654 946 3712 An.
971 3651 1062 3715 1448.

255 3790 568 3887 Reverendissime
578 3789 685 3866 Pater
696 3802 733 3866 et
743 3783 926 3873 Domine!
937 3788 1172 3894 Propositum
1182 3823 1244 3898 pa·

11 3978 16 3989 ,
40 3998 42 4003 Ι
159 3898 211 3975 cls
230 3897 324 3995 illius
339 3899 531 4002 negocium
551 3915 619 3973 nos
641 3899 790 3974 omnino
807 3917 882 3975 non
906 3903 1114 4002 aspernari,
1139 3922 1244 4004 supe·

36 4021 44 4083 ‚·
158 4005 320 4082 rioribus
345 4004 573 4084 assemanus
597 4005 683 4088 satit
708 4021 894 4111 superque
912 4008 1135 4112 expressisse
1162 4026 1243 4086 cre
