2708 4568
1177 314 1224 384 tt

118 520 285 599 -clutlere
312 521 542 625 cupientium
557 515 653 593 treta
672 516 826 595 conulio
851 533 889 595 et
907 538 1150 622 praesumtum
1171 524 1241 597 iu·¹

134 631 340 705 tentionem
364 650 581 716 removens,
608 640 842 727 stringensque
867 644 906 700 et
926 627 1052 703 volens
1072 626 1143 703 hoc
1166 654 1226 703 re·

133 756 267 839 guum,
296 752 336 807 et
357 758 425 807 nos
442 730 609 834 regimini
627 728 819 823 infauttssi,
832 731 920 807 dicti
939 732 1127 834 quondam
1143 737 1225 811 'Do-

132 841 223 927 uini
248 840 399 917 Alberti'
419 841 516 941 regis
538 842 613 911 nati
633 834 837 937 posthumi,
874 837 945 916 hoc
962 858 1018 915 est
1035 857 1120 943 post
1140 842 1222 917 obi·

136 964 217 1023 tum
241 949 280 1022 in
308 947 428 1021 lucem
451 944 557 1036 editi,
594 969 725 1047 parum
743 946 859 1018 nostri
879 961 917 1017 et
936 948 1038 1048 regui
1055 946 1223 1023 eiusdem

90 1088 92 1101 ·
135 1054 344 1129 necessitati
368 1075 585 1127 succurrere
607 1051 785 1151 potentis,
809 1050 1011 1140 subiicere,
1040 1053 1089 1127 sd
1109 1057 1225 1157 impe·

136 1157 381 1262 dundamque
396 1173 599 1260 praetactae
610 1156 842 1237 electioniset
864 1161 1113 1233 coronationis
1131 1161 1224 1236 utile

94 1336 99 1351 ,
134 1291 232 1369 opus
248 1282 332 1340 toto
358 1262 640 1351 uisi-anhelans,
666 1260 805 1335 sublata
834 1263 1059 1341 clandestine
1088 1265 1136 1341 de
1166 1294 1225 1342 cs·

135 1389 217 1449 stro
227 1367 442 1475 Wissegrad
460 1371 611 1459 corona,
631 1369 703 1459 illa,
726 1396 797 1470 qua
815 1367 985 1443 hacteuus
1000 1398 1104 1473 reges
1119 1374 1222 1449 Hun-

131 1481 257 1577 garine
284 1478 450 1553 coronari
480 1477 577 1550 sonti
596 1474 717 1565 fuere,
746 1479 908 1578 primum
925 1477 1148 1555 antedictum
1168 1482 1224 1552 iu·

131 1585 298 1676 fantem,
331 1585 393 1657 vin
419 1581 538 1665 adltuc
565 1583 786 1655 trimestrem
809 1598 952 1683 praeter
972 1587 1139 1661 omnium
1158 1612 1224 1661 no-

138 1707 256 1766 strum
269 1689 515 1780 voluntatem,
535 1684 584 1763 ad
601 1685 672 1763 toa
684 1708 817 1791 sponte
835 1714 1056 1765 concussere
1077 1692 1221 1765 deben-

140 1799 252 1890 tium,
279 1812 390 1897 atque
416 1811 546 1879 contra
572 1792 872 1869 consuetudinem
898 1793 1086 1899 hucusque
1110 1801 1151 1872 in
1175 1801 1223 1873 si·
1281 1796 1286 1813 '

139 1904 217 1989 mili
242 1918 419 1979 retentam
436 1900 645 1985 absentibus
663 1902 775 1974 etiam
799 1901 971 1979 omnibus
988 1931 1221 2005 apparamen-

140 2012 185 2085 tit
203 2009 341 2102 saetis,
367 2033 534 2082 necnon
559 2004 702 2110 gladio,
727 2025 895 2107 sceptro,
922 2032 1037 2110 pomo
1055 2029 1093 2085 et
1109 2036 1220 2087 cruce

141 2114 332 2218 legationis
368 2113 593 2197 Sanctissimi
616 2108 788 2212 Stephani
825 2115 935 2215 primi
963 2118 1055 2215 regis
1086 2119 1224 2206 nostri,

88 2282 90 2287 .
141 2221 261 2297 multo
278 2221 476 2322 mnpliusin
490 2218 700 2321 perniciem,
719 2244 830 2320 qmm
849 2219 1044 2295 utilitatem
1061 2237 1226 2295 nostram

88 2366 90 2371 ·
140 2351 227 2403 cum
240 2351 386 2401 cornua
404 2324 545 2399 sublata
563 2327 760 2417 coronari,
779 2327 812 2399 si
833 2328 887 2399 sic
907 2325 1056 2428 <liguum
1071 2343 1152 2420 -est,
1175 2327 1239 2411 lez

88 2436 91 2441 ’
134 2434 191 2507 cit
206 2448 248 2508 et
270 2432 506 2534 procuravit,
541 2449 651 2534 atque
676 2433 792 2534 ipsam
820 2433 996 2509 continuo
1026 2459 1223 2525 coronam,

134 2535 379 2640 proli-dolor!
405 2539 589 2613 riceversa
608 2535 799 2614 recludens
820 2536 866 2613 ad
896 2538 1020 2617 losum
1050 2539 1224 2623 hactenus

95 2662 99 2667 '
136 2643 249 2720 nob‘n
271 2646 518 2747 incognitum,
550 2645 589 2717 in
615 2646 764 2719 crudele
786 2648 951 2721 omnium
974 2666 1141 2744 nostrum
1160 2647 1224 2723 dc-

132 2773 315 2853 rogumen
334 2753 532 2836 transmisit
549 2775 614 2825 seu
634 2754 842 2852 asportarit.
863 2750 925 2826 Ob
946 2751 1017 2833 hoc
1034 2780 1104 2833 nos
1126 2780 1226 2831 nuuc

140 2856 254 2931 altera
280 2859 381 2947 rice,
416 2856 456 2939 in
470 2854 711 2937 ,multitudine
742 2873 815 2933 tam
844 2861 1012 2960 copiosa,
1049 2879 1225 2963 quantum

135 2963 316 3049 memoria
331 2962 495 3043 omniurn
508 2958 804 3065 praecedentium
820 2988 947 3064 regum
975 2969 1226 3045 coronationis

141 3079 310 3172 tempore
331 3094 410 3149 non
422 3064 727 3169 comprehendit,
757 3071 968 3169 congregati
985 3088 1125 3149 matura
1144 3074 1226 3177 plu·

87 3228 89 3237 .
141 3176 240 3251 rium
264 3173 408 3249 dicuin
435 3171 703 3250 deliberatione
732 3166 876 3264 habits,
911 3201 957 3248 es
985 3203 1062 3278 quo
1086 3204 1227 3254 corona

141 3279 201 3353 illa
222 3296 446 3384 supremum,
480 3281 626 3384 praevia
646 3279 813 3372 ratione,
848 3297 890 3355 ut
908 3307 1001 3385 opus
1022 3300 1123 3372 erat,
1151 3298 1226 3359 tam

140 3382 248 3467 facile
266 3388 315 3463 ex
332 3412 431 3463 nunc
460 3383 590 3489 haberi
608 3411 684 3461 non
714 3387 855 3487 potuit,
883 3389 1049 3463 uolentes
1075 3405 1115 3465 et
1135 3413 1226 3463 cou-

87 3470 93 3535 l
139 3491 269 3569 suum
288 3492 479 3594 cupientes
503 3493 710 3569 necessitati
737 3510 885 3571 nostrae
912 3512 950 3572 et
971 3497 1076 3596 regni
1097 3491 1224 3589 huius,

140 3599 242 3673 cuins
255 3623 327 3700 pm
345 3624 444 3699 nunc
455 3595 611 3673 confinia
628 3624 697 3700 per
709 3598 958 3677 insultantium
979 3602 1226 3693 inimicorum,

140 3729 364 3808 paganorum
388 3702 559 3803 uidelicet
575 3722 614 3781 et
631 3706 786 3795 aliorum
803 3732 946 3782 morsus
965 3732 1115 3809 asperos
1140 3732 1228 3780 con-

138 3811 242 3885 tinuo
268 3812 537 3903 lacerarentur,
574 3804 784 3914 opportune
808 3810 1026 3914 providere,
1060 3808 1228 3897 conside·
1318 3888 1325 3899 ,

134 3935 256 3992 rantes
272 3919 384 3993 etiam
407 3916 616 4018 potissime,
644 3914 745 4018 quod
766 3943 909 4020 semper
926 3944 1056 4022 regum
1073 3941 1228 3992 corona·

86 4024 90 4031 '
135 4024 232 4115 tica
246 4023 516 4129 regnicolarum
537 4024 721 4101 voluntate
737 4014 926 4123 dependet
948 4041 987 4100 et
1006 4023 1229 4149 efficspciaet
