2708 4568
1074 319 1148 391 ros
1216 411 1221 424 ι
1258 397 1265 406 ,,

10 548 12 595 t
57 530 220 628 ‘sausque
243 526 310 600 diu
327 537 556 626 exspectato,
569 518 706 599 ¹intulit
728 524 906 627 praefatus
931 528 1083 603 nuncius
1109 550 1147 607 et

49 632 244 709 familiaris
274 631 478 708 serenitatis
508 649 648 706 vestrae
681 632 861 732 quaedam
895 631 1145 737 delegatione

60 743 169 844 ipsius
189 741 463 841 Comitiszpquo
482 737 608 812 audito
629 763 746 840 pauca
764 737 901 831 eidem,
930 741 995 814 sed
1009 739 1086 816 fida
1108 758 1145 818 et

58 846 127 921 fixa
146 873 324 950 responsa
347 845 452 941 dedi,
489 872 596 919 orans
620 844 845 920 Maiestatem
869 863 1028 920 vestram
1046 863 1087 925 ut
1105 851 1145 925 in

10 1002 14 1013 -
58 980 98 1029 eo
118 953 257 1057 digno,
280 955 345 1055 pio
371 971 408 1026 et
432 952 512 1028 utili
533 951 688 1054 negocio
713 953 894 1054 inceptam
920 978 1072 1053 operam
1088 958 1145 1030 in·

57 1063 334 1162 tentionemque
358 1062 570 1137 continuare
597 1058 783 1156 dignetur,
820 1056 987 1159 feratque
1012 1089 1143 1163 opem,

57 1168 117 1269 qui
137 1193 247 1271 spem
266 1165 387 1260 dedit,
416 1195 462 1242 ne
485 1165 691 1240 differendo
710 1164 898 1265 elangueat
921 1191 979 1238 res
996 1168 1076 1263 illa,
1105 1170 1144 1241 in
1223 1170 1224 1173 ’

57 1300 128 1373 qua
148 1275 416 1374 perseverantia
441 1300 530 1375 opus
559 1298 655 1366 esse,
696 1297 805 1372 quam
835 1272 993 1371 impetu,
1023 1275 1145 1349 utilius

59 1379 188 1474 duco,
224 1381 408 1481 potissime
440 1406 487 1454 ne
522 1381 693 1455 ostentari
716 1403 929 1480 perperam,
975 1379 1146 1484 sedgeri
1258 1466 1262 1474 ,

58 1489 156 1589 prius
173 1513 236 1561 res
257 1487 334 1590 ipsa
351 1485 524 1562 videatur.
553 1486 802 1561 Recommitto
817 1510 874 1558 me
893 1503 931 1559 et
950 1484 989 1559 id
1009 1504 1143 1582 totum,
1212 1517 1214 1520 ’

60 1591 160 1694 quod
184 1596 283 1687 suni,
304 1595 485 1668 ‘Maiestati
501 1598 651 1687 vestrae,
671 1619 781 1695 quam
799 1592 981 1665 Dominus
1002 1609 1041 1668 et
1058 1618 1145 1668 suae

35 1768 37 1772 .
60 1700 192 1800 gloriae
211 1716 248 1774 et
264 1702 426 1774 omnium
443 1717 608 1776 nostrum
628 1696 823 1774 commodo
848 1724 1069 1801 conservare
1091 1699 1147 1774 di.

62 1822 199 1905 guetur.
239 1808 370 1880 Datum
389 1805 511 1882 Budae
530 1807 701 1880 XXVIII.
720 1805 779 1879 die
805 1807 936 1879 mensis
959 1806 1047 1878 Maii
1073 1805 1143 1882 An.

63 1911 209 1985 Domini
226 1914 555 1988 MCCCCXLVIII.
584 1911 621 1986 S.
640 1913 686 1985 V.
707 1910 863 1985 servitor
884 1908 1069 1986 Johannes
1099 1911 1145 1986 de
1237 1954 1238 1958 ¹

62 2015 236 2117 llunyad,
272 2021 375 2122 regni
402 2019 609 2122 Hungariae
644 2016 882 2090 Gubernator
916 2031 953 2087 et
980 2003 1146 2111 Vaivoda
1188 2041 1209 2082 ι·
1306 2041 1312 2052 ’

63 2126 545 2222 partiumTransilvanarum
566 2139 636 2196 etc.

19 2229 26 2235 ”
100 2249 191 2324 Apud
207 2250 432 2314 schwandtuer
448 2276 477 2335 p.
498 2248 568 2312 280.
587 2250 672 2334 epist.
690 2250 740 2312 29.
765 2248 833 2312 ruit
854 2246 1046 2331 Alphonsns,
1066 2252 1144 2309 Ara·

154 2376 269 2438 gonum
284 2360 363 2428 Rex,
385 2365 455 2437 post
480 2355 596 2416 obitum
614 2359 745 2416 Joanoae
761 2357 795 2414 ll.
814 2352 914 2418 Caroli
932 2350 1034 2427 Parvi,
1058 2355 1151 2413 Hun-¹

153 2455 256 2536 &filiae
275 2458 350 2539 segis
363 2457 451 2527 filiae,
468 2479 596 2539 regnum
606 2456 834 2539 Neapolitanum
849 2456 987 2538 adeptus·
1004 2482 1046 2499 ·-
1063 2453 1144 2517 Scri-
1267 2485 1277 2496 -

140 2530 215 2641 ‘psit
232 2559 337 2620 eadem
352 2558 401 2621 die
419 2557 497 2621 idem
513 2557 711 2619 Gubernator
728 2558 758 2619 in
775 2559 891 2620 illomet
910 2555 1035 2639 negocio
1054 2555 1143 2619 etium

148 2660 195 2722 'ed
213 2660 315 2722 liliumv
330 2663 393 2722 eius
417 2659 659 2732 Fordioandntn,
692 2661 781 2723 subin
802 2661 854 2724 filii
875 2661 922 2724 sui
941 2657 1074 2722 Mathiae
1094 2680 1146 2758 so-

154 2761 280 2838 oerum,
304 2763 427 2826 faetum-
451 2760 568 2837 Ibidem
584 2764 668 2847 epist.
688 2761 739 2824 30.

59 3047 442 3151 nummatam
453 3052 829 3151 autumatttprnaara
846 3063 977 3127 titutum
993 3047 1143 3150 ἅψασα.
1174 3058 1183 3065 “
1231 3063 1233 3066 ’

22 3244 26 3251 .
150 3179 206 3230 tur
222 3188 262 3228 ao
277 3167 436 3247 suppetiae
453 3167 600 3244 exposcit.
617 3161 685 3228 'Ara
705 3156 796 3229 1448.

61 3324 76 3351 t
133 3249 347 3349 Beatissimo
357 3272 464 3346 Pater
481 3259 956 3350 etllomsmetuendissime!
985 3259 1145 3376 Dignam
1204 3285 1205 3288 ’
1253 3349 1260 3359 ,

57 3377 362 3454 munificentiam
391 3378 591 3482 apostolica
619 3397 729 3477 atque
757 3377 821 3453 illo
843 3376 995 3452 auctore
1020 3380 1147 3482 accepi
1280 3365 1292 3394 ⁸

16 3526 18 3533 ·
57 3488 220 3590 gratiam,
234 3486 402 3559 ministro
417 3499 455 3556 et
473 3499 620 3558 oratore
639 3485 775 3560 idoneo
789 3484 964 3580 (Nicolao
975 3484 1148 3583 Decano)

58 3618 184 3697 magna
205 3590 411 3693 decoraque
431 3586 634 3692 dignitatis,
663 3589 834 3683 honoris,
852 3591 1009 3663 nominis
1029 3608 1067 3667 et
1080 3609 1151 3668 sta·

58 3715 110 3774 tus
134 3699 304 3799 insignia:
340 3723 470 3772 verum
495 3701 769 3799 exspectatione
791 3713 893 3799 grata
908 3697 1019 3798 magis
1044 3725 1152 3801 quam
1256 3759 1261 3766 .

26 3832 181 3908 aequa.
211 3806 451 3906 Quaetquum¹
465 3800 586 3885 ‘delata
605 3803 704 3877 ultro
737 3818 842 3895 ante,
880 3829 992 3905 quam
1007 3824 1152 3907 sperata
1182 3812 1184 3817 ’

57 3930 258 4000 contueor,
297 3911 544 3986 cumulatioris
572 3910 706 4009 gratiae
737 3906 957 3985 beneficium
983 3911 1146 4004 accedit,

10 4010 16 4017 ’
57 4032 189 4095 munus
228 4016 397 4092 videlicet
432 4016 709 4091 Benevolentiae
745 4016 1006 4119 apostolieae,
1053 4036 1147 4120 quae
1177 4070 1182 4079 ·
1304 4081 1306 4085 .
1348 4021 1352 4029 '
