2708 4568
1131 311 1204 380 ιιι
1264 292 1267 299 ’

131 516 238 591 tribus
269 541 315 590 ao
336 512 556 618 magnificis,
585 519 759 609 strenuis,
792 517 943 620 egregiis
965 533 1002 591 et
1025 514 1209 592 nobilibus

131 625 232 717 viris,
257 623 418 697 dominis
437 621 619 724 praelatis,
644 622 881 725 magnatibus,
906 621 1121 716 baronibus,
1142 623 1210 697 mi·

131 728 247 803 litibus
262 745 301 802 et
319 726 536 831 proceribus
547 730 652 828 regni
660 730 846 821 Poloniae,
870 728 1044 803 fratribus
1066 746 1104 802 et
1122 731 1209 802 ami·

59 886 65 896 =
129 839 178 909 cis
201 837 338 911 nostris
361 832 515 925 dilectis,
537 834 707 934 praelati,
729 834 887 909 barones
904 853 945 909 ¹et
967 861 1140 937 proceres
1155 861 1212 910 re·

128 947 188 1043 gni
206 942 416 1043 Hungariae
435 941 587 1031 salutem
610 958 647 1012 et
671 941 874 1016 dilectionis
893 960 1135 1043 augmentum.
1158 980 1211 996 -

128 1052 324 1124 Vetustum
352 1073 492 1120 morem
518 1063 705 1140 nostrum,
745 1075 854 1149 quem
881 1073 1111 1121 communem
1129 1074 1213 1123 cum

129 1159 165 1230 F.
184 1157 226 1228 V.
247 1154 294 1227 ab
322 1155 410 1227 olim
439 1151 628 1226 habuimus
655 1156 693 1225 in
713 1152 886 1228 avisando
906 1152 951 1226 de
977 1156 1213 1254 singulisur·

128 1258 298 1364 gentibus
321 1258 406 1333 hinc
433 1258 518 1333 inde
541 1259 652 1347 rebus
678 1278 715 1332 et
746 1287 844 1333 nunc
866 1285 933 1362 per
956 1265 1112 1334 maxime
1136 1270 1212 1333 ιιοιι
1238 1291 1241 1295 ·

129 1367 423 1472 praetermittere
443 1364 601 1468 dignum
629 1384 847 1467 putavimus.
884 1364 1215 1467 Quandoquidem

128 1474 201 1548 fixa
221 1470 340 1546 studia
364 1489 490 1545 nostra
508 1473 620 1574 magis
643 1476 810 1575 exigunt,
838 1491 885 1552 ut
894 1471 1128 1547 incommoda
1146 1498 1230 1546 nor

129 1597 226 1671 stra,
251 1603 367 1698 aeque
387 1596 429 1651 ut
450 1577 662 1672 commoda,
684 1580 873 1654 vobiscum
893 1582 1007 1654 amica
1029 1577 1213 1654 confiden-

130 1690 201 1760 tia
194 1687 481 1787 participemus
517 1683 561 1757 ld
588 1702 625 1758 et
648 1684 840 1778 hactenus,
874 1704 1051 1807 quantum
1084 1685 1214 1778 nobis,

131 1794 228 1865 inter
249 1806 308 1864 tot
326 1790 493 1863 turbines
513 1792 661 1892 positis,
688 1819 735 1866 ex
754 1795 923 1892 antiquae
940 1794 1119 1866 amicitiae
1136 1788 1217 1864 olli·

133 1899 193 1972 cio
220 1896 418 1997 expediens
447 1896 577 1988 fuerit,
610 1896 748 1970 inlicari
773 1897 868 1970 haud
889 1923 1098 1998 possumus,
1127 1897 1217 2000 quin

131 2003 195 2077 bas
223 2002 406 2077 crebras
396 2005 545 2077 iniurias
569 2019 711 2074 nostras
731 2004 896 2077 crebrius
916 2002 1096 2077 fraternae
1117 2030 1216 2077 com·

131 2111 291 2212 passioni
323 2127 460 2183 vestrae
486 2110 763 2183 'communicare
793 2134 885 2210 opus
914 2106 1037 2181 suerit.
1076 2112 1217 2184 Verum

132 2232 190 2290 tot
217 2213 364 2315 indigna
396 2215 581 2308 facinora,
616 2241 710 2316 quae
741 2231 777 2288 et
802 2217 878 2287 sine
904 2214 1063 2287 clamore
1089 2232 1217 2288 nostro

133 2324 226 2415 late,
254 2321 487 2423 publicisque
511 2323 582 2394 suis
609 2320 821 2394 rumoribus
842 2323 881 2394 F.
897 2320 942 2393 V.
968 2322 1084 2410 clara,
1112 2335 1217 2394 nota·

133 2453 205 2532 que
226 2452 303 2500 esse
321 2445 540 2529 potuerunt,
572 2425 678 2502 bonis
707 2427 834 2500 mediis
855 2445 891 2500 et
916 2425 1034 2503 modis
1058 2427 1217 2527 compla-

131 2534 335 2632 natumire
353 2559 458 2637 posse
474 2532 709 2634 putabamus,
738 2534 784 2608 ad
801 2532 904 2638 quod
920 2536 1218 2637 consequendum

132 2657 169 2716 et
194 2641 372 2743 plurimos
398 2639 544 2715 labores
569 2639 816 2735 adhibuimus,
853 2657 895 2715 ut
914 2668 961 2715 eo
987 2643 1120 2735 certius
1148 2643 1217 2716 eis·

132 2746 217 2821 dem
234 2748 280 2821 tt
291 2749 335 2821 V.
356 2744 503 2822 tandem
526 2745 606 2822 linis
623 2758 749 2824 earum
771 2773 916 2842 rerum,
935 2775 1111 2851 quorsum
1135 2773 1218 2823 eva·

64 2885 67 2889 ’
93 2873 98 2879 ’
132 2852 263 2948 deret,
282 2851 442 2957 ›signific
464 2853 586 2929 locum
611 2853 836 2929 haberemus.
860 2852 991 2956 ltaque
1012 2882 1111 2947 nunc
1129 2870 1219 2930 nota

133 2961 268 3063 potius,
290 2986 400 3062 quam
419 2959 641 3038 notificanda
659 2959 825 3036 scribere
838 2960 1086 3055 instituimus,
1107 2960 1154 3036 de
1165 2963 1216 3034 D.

130 3069 383 3144 Romanorum
403 3067 505 3170 Rege
523 3084 561 3142 et
579 3054 851 3140 theutonicis
818 3066 960 3140 uicinae
981 3066 1217 3190 cucumposl·

128 3176 197 3268 tis,
227 3199 385 3294 querum
405 3175 569 3294 quamvis
589 3172 792 3256 simulatam
812 3174 988 3247 sensimus
1008 3175 1217 3267 amicitiam,

131 3281 190 3354 vel
210 3283 330 3381 potius
349 3281 545 3384 ingenitam
562 3299 600 3355 et
620 3280 736 3355 ferme
756 3275 987 3355 naturalem
977 3280 1219 3374 mimicitiam3

131 3386 185 3459 ab
202 3413 249 3462 eo
273 3405 395 3461 tamen
415 3403 600 3489 tempore,
631 3413 707 3490 quo
735 3387 999 3460 serenissimum
1018 3388 1240 3458 Dominum·
1334 3437 1338 3444 -

129 3511 297 3567 nostrum
315 3493 554 3567 Wladislaum
570 3521 714 3599 regem,
743 3494 962 3596 opportunis
980 3492 1084 3594 regni
1100 3491 1220 3565 nostri
1311 3496 1314 3501 ’

90 3695 94 3700 ⁴
127 3598 386 3700 gubernaculis
407 3599 624 3689 advocatum
637 3599 869 3674 etinductum
892 3597 1095 3690 habuimus,
1116 3623 1219 3700 aper·
1240 3614 1242 3619 '

130 3709 205 3781 tius
222 3707 377 3780 velatam
408 3705 617 3782 hostilitatis
640 3707 771 3782 faeiem
793 3706 998 3793 nudarunt,
1029 3702 1222 3779 sublatam·

131 3839 206 3914 qne
243 3813 433 3895 inhoneste
461 3817 562 3915 regni
598 3817 713 3888 nostri
751 3837 953 3904 eoronam,
998 3809 1222 3884 inhonestius

57 3999 62 4009 ¹
126 3919 307 3993 detinent.
335 3920 428 3992 Mox
454 3917 691 3996 dissidiorum
716 3921 855 3992 semina
872 3919 1097 4011 iniecerunt,
1123 3913 1226 3990 unde

129 4043 168 4099 et
192 4051 292 4129 quo,—
314 4026 535 4129 quantisque
559 4025 657 4120 aliis,
687 4025 862 4124 cautelis,
887 4021 1139 4111 obstaculis
1095 4023 1237 4149 ’,ιιιιιιΙ
