2708 4568
96 312 347 401 sss·
569 258 573 273 ’

167 519 316 614 missos,
343 520 539 621 sponsione
559 516 683 592 infami
704 516 901 619 obligatos,
929 516 1115 621 vectigalia
1134 491 1246 592 Chri-

41 677 46 685 -
167 625 367 700 stianorum
387 628 569 727 capitum,-
595 623 785 726 flagitiosas
806 620 1098 724 compeditorum
1115 621 1247 697 nundi·

169 757 252 825 nas,
283 733 476 833 quotannis
496 731 682 834 religionis
703 744 848 804 nostrae
868 726 1027 803 ludibrio
1046 731 1111 809 ire.
1150 728 1248 804 Satis

168 837 338 940 inquam,
366 838 437 911 erit
451 838 509 939 pia
526 834 740 912 credulitate
759 852 797 907 et
814 836 964 910 coelesti
978 833 1121 939 'flagello
1136 861 1248 936 super

131 940 134 945 ’
170 957 227 1015 tot
251 941 472 1016 miserandas
496 960 611 1017 terras
638 939 824 1016 christiani
849 942 1027 1034 nominis,
1065 939 1178 1014 busto
1192 944 1256 1013 in«

169 1048 307 1150 signes,
329 1050 513 1141 exsatiari,
541 1049 578 1121 in
599 1045 752 1149 quibus,
776 1047 807 1119 si
823 1071 920 1148 quae·
941 1055 1042 1139 sunt,
1062 1059 1249 1120 tantorum

60 1182 62 1191 ’
167 1149 438 1255 naufragiorum
455 1155 651 1256 reliquiae,
671 1169 820 1257 gemunt
836 1154 961 1254 magis,
981 1178 1089 1254 quam
1106 1153 1261 1226 vivunt

94 1272 95 1276 ’
168 1257 435 1361 lmpedimento
467 1275 545 1334 erat
573 1255 746 1334 hactenus
776 1255 863 1332 baec
899 1259 1076 1332 novaris
1104 1258 1247 1352 morbi,

168 1364 362 1441 intestinae·
381 1365 634 1457 dissensionis,
669 1390 760 1466 quae
782 1365 952 1438 nimirum
967 1364 1165 1467 plurimum
1182 1390 1249 1437 no·

168 1471 237 1545 stri
257 1469 393 1546 laboris
414 1469 541 1544 llorem
562 1469 726 1573 depasta,
746 1472 784 1544 in
807 1494 889 1545 eam·
902 1470 1150 1544 conditionem
1163 1497 1249 1571 pro·

102 1611 105 1618 ·
168 1577 330 1679 pulerat,
366 1593 426 1668 ut,
442 1669 443 1672 Ἴ
458 1602 525 1652 nec
554 1574 786 1651 incommoda
815 1594 958 1668 nostra,
993 1602 1060 1649 nec
1087 1574 1249 1650 remedia

167 1682 245 1784 pati
261 1708 370 1783 posse
384 1680 611 1776 videremur3
643 1682 801 1757 valentes
820 1682 947 1784 populi
974 1679 1078 1755 huius
1096 1684 1190 1756 ‘vires
1209 1708 1249 1757 se

168 1791 268 1890 ipsae
289 1785 554 1882 conficiebant,
586 1786 679 1862 nibil
699 1789 871 1892 amplius,
897 1800 1131 1890 quam'suum
1153 1788 1248 1861 mili·

169 1910 263 1987 tem,
297 1920 361 1967 sua
382 1898 480 1967 arma
500 1892 712 1970 horrebant
747 1896 855 1970 Nunc
878 1919 967 1967 vero
994 1910 1101 1995 pater
1121 1893 1249 1970 beatis·

117 2041 120 2047 ·
168 1999 275 2093 sime,
298 1998 478 2101 expeditis,
494 1999 574 2075 fere
595 2000 783 2092 omnibus,
806 2025 899 2102 quae
919 1997 969 2072 ob
989 1999 1150 2074 residuas
1171 1999 1248 2074 bel·

169 2104 292 2179 lorum
307 2107 393 2200 iras,
414 2106 589 2206 impedita
610 2106 804 2205 restabant,
816 2107 998 2178 ⁴maiorem
1016 2103 1169 2180 tuendae
1188 2133 1250 2207 pa·

168 2212 260 2286 triae
280 2236 400 2313 spem,
428 2213 658 2314 animumque
686 2212 915 2312 suscepimus.
952 2211 1067 2314 Igitur
1088 2211 1251 2315 benigni·

109 2362 111 2366 ⁷
168 2332 242 2390 tate
260 2318 331 2391 Dei
346 2317 415 2391 sub
437 2317 645 2392 sanctitatis
664 2335 802 2393 vestrae
819 2313 965 2408 fiducia,
986 2319 1135 2420 inceptu
1154 2334 1251 2405 tanta

168 2425 310 2526 ratione
328 2421 437 2525 digno
458 2450 550 2524 opus
563 2423 652 2517 fuit,
680 2426 780 2497 cuius
801 2447 869 2526 ego
891 2441 1022 2497 auctor
1038 2425 1117 2525 ipse
1134 2441 1171 2496 et
1194 2441 1250 2497 tu·

83 2599 86 2602 ⁴
169 2543 229 2602 tor
247 2531 501 2601 executionem
520 2554 717 2632 aggressus,
743 2530 893 2603 incitato
911 2545 1041 2631 sponte
1058 2529 1162 2601 militi
1181 2531 1249 2602 im·

168 2649 297 2735 petum<
312 2627 446 2707 addere
466 2661 575 2734 paro,
603 2650 809 2737 restatque,
837 2650 971 2710 utnon
990 2658 1059 2736 pro
1077 2635 1157 2734 ripa
1174 2636 1250 2708 Da·

167 2736 274 2815 nubii
291 2752 443 2829 stantes,
468 2765 657 2815 arceamus
682 2743 873 2815 transitum
891 2737 1021 2831 hostis,
1048 2737 1114 2812 sed
1136 2756 1177 2814 ut
1196 2740 1247 2812 la·

90 2857 93 2861 '
168 2845 240 2919 tius
256 2845 561 2953 transmigratur,
592 2846 899 2948 transferaturque
917 2843 1085 2952 bellum,¹
1100 2871 1174 2919 non
1202 2844 1250 2919 ad

167 2947 366 3054 gerendum
384 2949 522 3046 modo,
549 2951 614 3027 sed
632 2951 678 3027 ad
696 2951 906 3027 finiendum.
936 2949 1047 3042 Quod
1071 2978 1156 3028 cum
1174 2980 1250 3026 ma·
1275 3014 1278 3024 .

166 3059 223 3132 ius
244 3054 408 3131 futurum
430 3058 488 3153 sit,
511 3086 621 3162 quam
643 3084 772 3162 capere
792 3056 831 3131 id
848 3059 1009 3160 privatae
1027 3060 1129 3161 regni
1145 3057 1252 3135 buius

168 3187 257 3266 opes
277 3162 336 3235 vel
356 3163 451 3238 alere
473 3169 612 3266 privata
636 3162 816 3268 stipendia
844 3164 1009 3266 possent,
1037 3183 1251 3268 spectetque
1283 3178 1286 3186 '

168 3269 366 3344 adsumam
394 3296 518 3344 rerum
548 3271 724 3346 libertatis
743 3269 978 3363 christianae,
1006 3271 1099 3344 sicut
1117 3273 1251 3372 priori·

166 3372 237 3449 bus
255 3373 403 3465 litteris,
437 3376 548 3451 itaet
574 3402 671 3449 nunc
700 3375 888 3479 supplico·
898 3377 1066 3451 attentius
1090 3378 1250 3451 Beatitu·

167 3477 245 3553 dini
272 3495 446 3574 vestras„
460 3484 528 3554 'cui
552 3478 792 3556 haereditaria
810 3478 867 3556 ‘de
897 3480 1005 3556 nobis
1034 3508 1122 3557 cura
1149 3509 1250 3558 com·

166 3584 274 3660 missa
294 3601 366 3680 est,
395 3601 573 3689 quatenus
593 3588 690 3662 inter
709 3589 792 3662 alias
810 3590 1071 3766 occupationes
1087 3614 1169 3675 ¹suas
1196 3588 1250 3664 di·

30 3750 33 3763 ,
135 3695 137 3699 ’
164 3705 338 3795 gneratur
365 3708 404 3767 et
429 3689 525 3768 banc
550 3710 733 3788 nostram,
771 3694 846 3768 imo
870 3692 895 3768 fi
923 3696 958 3767 ei
986 3721 1149 3787 causam,
1167 3712 1250 3770 ante

164 3795 290 3873 oculos
317 3821 478 3899 ponere,
514 3798 708 3902 taliterque
734 3805 863 3876 curare
894 3815 931 3873 et
957 3800 1174 3902 providere,
1210 3818 1251 3875 ut

140 3924 144 3934 ·
164 3929 239 3976 non
258 3901 367 3977 banc·
382 3905 586 4008 inceptam,
625 3905 770 3981 defectu
796 3907 930 4008 aliquo⁴
946 3914 1168 4010 perurgente
1193 3907 1265 3996 rel·

128 4117 132 4123 .
164 4010 346 4102 remissius
367 4013 567 4112 agere=,=rel
585 4015 735 4134 omnino
755 4010 922 4104 deserere
937 4033 1018 4088 ⁴non
1036 4013 1249 4115 compellar,
