2708 4568
1101 214 1184 290 ³39·
1240 325 1245 338 1

90 434 182 511 rint;
204 462 257 483 ···
282 424 371 505 haec
388 443 475 505 satis
493 424 655 532 produnt
672 448 794 504 cauas
809 424 1180 532 excogitatastpotius
1199 463 1201 469 s
1240 511 1243 519 Ι
1267 484 1273 495 ,

92 536 138 612 ab
155 532 239 631 his‚.
258 561 368 638 quam
392 559 518 630 veras,
536 551 574 609 et
589 559 732 638 regem,
759 535 825 638 qui
848 534 997 609 illortun
1024 530 1187 608 arbitrio

93 640 309 745 regebatur,
325 657 367 716 ut
385 641 585 716 sententiae
603 639 874 745 subscriberet,
902 655 1073 714 coactum
1089 637 1179 712 fuis·
1205 656 1219 716 f

91 749 170 825 se·“
190 784 245 834 -·,
266 746 344 845 Sed
367 745 551 822 audiamus
576 747 698 851 ipsum
727 747 928 851 Georgium
956 746 1075 847 Pray,
1112 745 1177 845 qui

91 853 155 929 has
181 854 292 930 tetras
324 855 464 936 litteras,
487 852 666 955 vulgavit:
698 848 1021 958 ·‚,Autographuin'
1037 864 1176 944 exstat,

92 962 231 1064 inquit,
266 961 305 1055 in
319 958 520 1033 Tabulario
540 958 714 1050 Gamerae
733 961 831 1033 inter
849 985 908 1054 ea,
937 984 1031 1062 quae
1048 956 1178 1034 Domi·

82 1068 161 1140 ,nus'
176 1062 415 1161 Archivarius
430 1063 553 1167 Spiess
577 1062 811 1168 Anspachino
835 1068 952 1159 misit,
978 1091 1025 1140 ex
1044 1091 1121 1170 quo
1137 1059 1178 1138 id

93 1173 201 1246 etiam
216 1174 254 1243 in
271 1198 371 1248 meos
388 1195 472 1245 usus
494 1170 690 1274 exscripsi,
713 1197 933 1275 magnopere
952 1167 1042 1245 mihi
1056 1190 1178 1247 tamen

93 1294 301 1380 asspectum
319 1278 488 1382 sigillum,
506 1270 608 1377 certe
619 1272 675 1352 ab'
685 1276 764 1354 aliis
782 1277 942 1355 eiusdem
959 1278 1056 1383 regis
1072 1274 1178 1351 valde

94 1382 277 1458 diversum
296 1397 383 1478 est‚'
404 1385 484 1489 ipse
509 1398 632 1457 autem
649 1384 869 1489 Diplomatis
886 1399 994 1461 tenor
1009 1386 1071 1459 vix
1089 1408 1177 1459 con·
1238 1449 1246 1469 ,

94 1490 209 1566 ciliari
228 1505 350 1591 potest
378 1516 463 1567 cum
482 1487 672 1586 laudibus,
700 1515 795 1593 quae
819 1517 926 1594 saepe
943 1486 1178 1590 aliasloanni

69 1595 138 1672 ‘dc
155 1595 315 1697 Hunyad
343 1595 482 1672 tribuit.
519 1595 567 1668 Et
585 1622 651 1670 cur
674 1611 757 1671 um]
777 1621 860 1674 sero
885 1614 969 1698 post
985 1597 1081 1681 eius⁴
1096 1593 1178 1671 obi·
1220 1622 1223 1630 ’
1254 1657 1260 1667 ,

97 1718 173 1776 tum
195 1699 285 1778 haec
309 1695 531 1803 vulgantur?
557 1697 716 1772 Videtur
730 1697 819 1772 milri
834 1700 1008 1800 Diplom'a
1023 1699 1096 1776 lroc
1115 1726 1178 1774 ex·

96 1808 310 1912 cogitatum,
339 1805 385 1876 ad
412 1798 604 1901 invidiam,
631 1826 725 1904 quae
750 1804 827 1906 regi
854 1802 904 1879 ob
929 1802 1075 1881 caedem
1098 1807 1178 1879 La·

38 1962 40 1966 -
95 1912 198 1988 dislai
223 1909 429 2010 Hunyadii,
465 1930 542 1980 non
567 1909 686 1985 solum
710 1906 831 2006 domi,
864 1909 931 1987 sed
957 1910 1047 1985 foris
1069 1912 1179 1987 etiam

95 2015 249 2094 conflata
269 2032 344 2110 est,
382 2011 587 2090 abeodem
610 2015 881 2092 removendam.
917 2018 1069 2092 Constat
1085 2042 1178 2121 quo·
1227 2082 1231 2089 .

96 2148 168 2226 que
185 2121 287 2216 illos,
315 2122 381 2226 qui
396 2137 481 2228 post
494 2120 624 2196 verba:
651 2145 706 2196 ne
731 2122 893 2224 igitur,
920 2139 1175 2218 recensentur,

94 2229 261 2331 capitales
288 2225 412 2304 hostes
436 2225 593 2303 familiae
605 2228 869 2329 Hunyadianae
888 2221 1019 2323 fuisse,
1045 2246 1082 2315 et
1099 2230 1179 2334 pri-g

57 2372 61 2383 ·
92 2361 171 2417 mos
209 2351 377 2411 auctores
390 2328 497 2436 regi,
543 2350 585 2411 ut
609 2332 815 2411 Ladislaum
840 2335 1023 2438 supplicio
1049 2331 1177 2439 eapitis
1293 2393 1297 2401 ,

93 2440 189 2517 affici
206 2441 367 2517 iuberet.
400 2443 496 2516 Hinc
514 2458 587 2535 est,
613 2441 718 2544 quod
735 2441 828 2538 sibi,
844 2444 999 2543 suisque
1046 2443 1176 2516 osteris
1206 2498 1209 2514 .

93 2577 113 2620 a
142 2573 224 2648 rege
251 2551 387 2642 caveri,
424 2566 497 2623 tam
516 2549 632 2643 'eume
657 2550 830 2651 petierint
856 2564 893 2624 et
925 2469 1182 2651 impelrarint,'

95 2655 198 2757 quod
215 2655 309 2729 male
326 2657 467 2731 conscii
487 2655 596 2728 animi
619 2680 763 2760 semper
782 2655 956 2730 indicium
973 2661 1052 2730 esse·
1070 2652 1176 2729 solet.

93 2762 191 2837 Hinc
209 2761 376 2863 plerique
395 2786 441 2835 ex
455 2758 544 2854 his„-
557 2778 659 2837 metu
674 2789 815 2866 poenae
830 2762 1000 2838 electioni
1017 2757 1177 2843 Martiae
1202 2774 1205 2781 “

92 2868 268 2969 imprimis
294 2863 538 2942 restiterant.“
575 2866 621 2941 G.
639 2868 745 2969 Pray.
772 2864 903 2973 Suppl.
927 2870 1030 2944 Com.
1047 2868 1081 2940 J.
1098 2866 1176 2941 Κο-

93 2970 243 3048 vachich
261 2973 366 3046 Tom·
384 2973 429 3046 ll.
450 2998 484 3075 p.
502 2975 588 3046 134.

205 3171 463 3246 commentum
487 3170 533 3249 ds
559 3170 745 3247 nativitate
767 3171 989 3247 loannisde
1017 3170 1178 3272 Hunyad

93 3282 218 3381 inique
236 3275 456 3373 confictum,
486 3304 597 3355 coeca
615 3278 748 3353 saeculi
764 3276 877 3353 medii
896 3275 1107 3354 credulitate
1124 3278 1180 3352 in·

94 3398 307 3490 generatum
325 3381 455 3479 fiisse,
482 3382 692 3475 mirandum
713 3410 793 3459 non
820 3400 891 3479 est3
918 3387 1178 3477 inveteratum,
1228 3476 1231 3480 .
1270 3458 1274 3468 ,

93 3493 179 3567 artis
205 3488 353 3565 criticae
378 3486 525 3565 defectu
549 3490 700 3567 invaluit
720 3490 837 3583 adeo,
866 3505 909 3564 ut
928 3515 1075 3565 omnem
1091 3515 1181 3566 mox

68 3592 71 3597 ’
94 3596 367 3672 Historicorum
384 3620 534 3700 operam
559 3595 717 3689 falleret3
744 3598 783 3671 in
800 3595 939 3697 illoque
960 3593 1186 3670 eliminando
1292 3600 1295 3605 ’

53 3765 56 3773 .
95 3702 402 3777 criticinostrates
414 3704 662 3805 suppetiarum
680 3700 999 3803 diplomaticarum
1015 3701 1182 3804 penuria,

93 3811 272 3885 incassum
305 3807 563 3883 laboraverint.
618 3810 686 3882 Eas
721 3809 902 3907 praesenti
935 3806 1180 3908 disputatione

93 3912 325 4018 suppeditare
344 3915 465 4016 aequis
485 3914 631 3989 arbitris
651 3910 906 4014 satagebamus.
938 3911 1084 3987 Abeant
1100 3913 1182 4002 iam,
