2708 4568
1141 312 1214 417 ros

128 540 170 600 et
188 549 252 600 nos
270 521 407 599 vestris
433 517 520 594 binc
550 516 636 592 inde
662 518 773 595 rebus
803 500 955 623 obligati
973 547 1210 600 maneremus.

126 633 328 733 Postquam
353 630 486 730 igitur,
515 626 610 698 sicut
625 625 786 700 Domino
813 626 973 729 placuit,
1003 627 1066 701 tali
1085 627 1217 705 fuimus

127 755 286 841 patrono
306 733 443 824 orbati,
461 758 532 804 nec
550 747 671 803 tamen
688 731 804 806 adhuc
818 730 865 805 de
880 734 959 807 eius
974 735 1047 807 vita
1064 737 1214 810 omnino

118 836 335 945 desperati,
373 841 470 912 sicut
497 835 542 911 de
574 861 619 909 eo
645 843 854 937 praesente,
883 841 933 911 ita
961 856 998 911 et
1024 865 1069 912 ex
1092 841 1214 916 multis

128 950 331 1040 instantiis,
354 947 436 1036 viis,
459 941 576 1015 modis
590 961 627 1017 et
644 947 794 1046 ingeniis
812 947 1052 1043 quaesivimus
1071 973 1214 1047 pacem,

129 1056 344 1130 occasiones
364 1047 567 1123 discordiae
586 1047 770 1125 demedio
790 1053 921 1124 eiicere
940 1055 1061 1125 conati
1081 1079 1215 1146 sumus,
1280 1048 1290 1062 ’

88 1252 92 1260 ‚
129 1184 355 1259 omnemque
391 1155 614 1231 oblationem
649 1158 763 1258 quieti
804 1175 923 1258 aptam
957 1156 1217 1260 impendimus,

130 1267 329 1370 quominus
349 1287 576 1365 paganorum
592 1261 783 1337 insultibus
803 1263 952 1357 cedere,
975 1263 1138 1337 distracti
1156 1290 1218 1338 ve·

80 1441 81 1444 ,
134 1390 312 1446 taremur.
351 1367 428 1446 sed
447 1367 554 1469 longe
573 1369 676 1471 aliter
693 1395 735 1442 ac
753 1369 1003 1470 sperabamus,
1032 1371 1219 1444 consecuti

130 1478 279 1552 fuimus.
326 1476 420 1550 Nam
449 1475 552 1548 malis
576 1476 703 1575 peiora
731 1479 945 1550 nummulari
973 1475 1139 1551 vidimus
1163 1508 1219 1532 -·

132 1587 298 1659 Primum
315 1582 418 1685 pacis
442 1597 589 1682 treuga,
628 1580 871 1682 quamadhuc
890 1593 974 1657 c'um
992 1583 1154 1685 praefato
1169 1583 1217 1656 D.

133 1707 263 1764 nostro
280 1713 368 1790 rege
388 1688 427 1759 in
444 1686 530 1759 eius>
544 1683 704 1787 digressu
722 1687 896 1763 antefatus
909 1691 955 1764 D.
966 1693 1219 1765 Romanorum
1233 1701 1236 1706 ’

135 1797 219 1870 Rex
238 1794 392 1868 biennio
411 1788 647 1887 condixerat,
667 1820 714 1867 ex
732 1797 787 1867 sui
798 1795 909 1896 'parte
926 1798 1045 1872 soluta
1061 1812 1124 1870 est.
1143 1797 1216 1870 De-

134 1929 233 1975 mum
249 1899 297 1975 ad
320 1898 603 1998 occupationem
630 1897 873 1978 confiniorum
898 1905 1000 2007 regni
1024 1918 1062 1975 et
1079 1917 1217 1976 castro·

136 2035 218 2082 rum
235 2033 279 2080 ac
297 2019 544 2107 proventuum
564 2004 741 2105 regalium
758 2004 942 2080 ardentius
962 2008 1218 2112 progrediens,

139 2111 311 2189 caedibus
333 2109 509 2200 fratrum,
545 2111 667 2209 spoliis
696 2108 946 2204 subditorum,
983 2113 1218 2186 ecclesiarum

138 2214 255 2318 (nefas
264 2216 287 2312 l)
317 2214 627 2291 exsecrationibus
656 2228 693 2288 et
720 2220 870 2291 caeteris
904 2218 1052 2293 infinitis
1077 2209 1228 2290 iniuriis

136 2343 252 2399 totam
267 2323 348 2396 fere
368 2337 531 2403 nostram
551 2324 705 2424 patriam
724 2325 922 2425 complevit
938 2324 1043 2415 adeo,
1063 2339 1105 2396 ut
1125 2339 1222 2422 atro-

109 2461 115 2476 *
139 2435 224 2506 citas
244 2426 561 2504 incommodorum
581 2428 739 2530 publica,
755 2448 927 2534 cognatae
945 2429 1065 2505 caedis
1083 2425 1222 2504 acerbi·

138 2556 190 2612 tas
217 2553 256 2610 et
274 2535 452 2623 fratrum,
486 2535 699 2636 patriaeque
729 2536 800 2609 alta
817 2540 1029 2642 oppressio,
1058 2562 1124 2612 nos
1144 2560 1222 2608 non
1266 2568 1269 2577 ·

136 2643 320 2749 immerito
346 2641 463 2717 emori
486 2642 626 2743 potius,
654 2664 774 2743 quam
789 2645 1024 2748 ignominiam
1045 2646 1119 2748 pati
1135 2665 1222 2745 pro·
1251 2706 1256 2719 .

136 2765 298 2826 vocaret.
326 2749 463 2821 Verum
482 2763 602 2821 tamen
624 2765 661 2822 et
677 2751 774 2824 inter
792 2767 850 2826 tot
864 2753 1032 2855 publica,
1053 2776 1101 2826 ne
1118 2770 1223 2852 prae·

139 2857 290 2959 cipitem
307 2851 505 2946 vindictam
524 2852 732 2929 videremur
752 2873 947 2959 expetere,
984 2882 1081 2931 novo
1100 2855 1225 2930 consi·

137 2964 206 3037 lio·
221 2985 338 3036 novos
357 2974 520 3033 oratores
548 2959 772 3063 delegimus,
793 2978 901 3062 atque
925 2964 1114 3037 instantius
1141 2985 1225 3035 cum
1302 3029 1306 3036 .

138 3069 241 3144 omni
264 3067 412 3140 unionis
437 3081 476 3140 et
492 3067 590 3168 pacis
606 3065 757 3158 ordine,
785 3080 865 3139 tum
879 3070 952 3170 pro
965 3069 1147 3141 illatorum
1163 3088 1223 3138 re·

139 3174 383 3265 stauratione,
418 3187 497 3244 tum
515 3174 623 3246 etiam
644 3197 713 3274 pro
739 3173 851 3273 ipsius
877 3174 1039 3271 sublatae
1061 3196 1221 3247 coronae
1262 3209 1265 3213 v
1343 3264 1346 3273 .

139 3296 286 3371 nostrae
311 3279 541 3352 restitutione
569 3279 775 3350 institimus.
819 3277 896 3352 Sed
927 3280 1042 3352 solitis
1076 3275 1226 3351 cautelis

139 3411 334 3489 perperam
351 3384 528 3487 repulsis,
549 3382 643 3456 nibil
660 3383 934 3484 praeter'verba
954 3400 1143 3486 reportare
1160 3407 1226 3480 po·

141 3495 288 3566 tuimus.
309 3489 561 3579 Quamobrem
575 3491 675 3564 omni
692 3516 802 3594 super
822 3489 877 3565 bis
894 3517 958 3595 spe
978 3476 1137 3569 feliciori
1150 3487 1229 3562 fru-

142 3598 249 3672 strati
276 3593 323 3667 ad
337 3622 435 3669 arma
461 3598 608 3679 manum
631 3598 810 3690 misimus,
844 3596 1041 3673 ferro'iter
1063 3597 1225 3695 aperien-

141 3703 232 3779 dum
259 3699 307 3774 ad
332 3727 459 3801 pacem
486 3700 718 3777 commodius
743 3702 922 3777 arbitrati.
949 3699 1056 3777 Vnde
1084 3716 1123 3774 et
1145 3704 1250 3802 post'

141 3808 206 3884 has
224 3809 424 3910 plagarum¹
438 3809 632 3908 primitias,
668 3834 761 3909 quae
779 3807 847 3883 hac
863 3812 943 3884 vice
961 3804 1148 3898 hostibus,
1176 3809 1230 3878 iu·

145 3917 246 3989 stitia
267 3911 460 4006 suadente,
481 3914 600 3987 illatae
618 3929 722 4006 sunt,
743 3941 818 3988 non
834 3939 973 3991 cessare
991 3911 1232 3988 deliberatum
1310 3926 1312 3931 '

146 4034 234 4117 est,
259 4043 457 4122 quousque
481 4035 521 4094 et
538 4017 677 4094 divino.
690 4035 729 4094 et
746 4020 900 4098 iustitiae
919 4020 1070 4098 auxiliis·
1084 4033 1122 4094 et
1141 4044 1234 4120 pro·
1330 4017 1332 4020 ⁴
