2708 4568
1107 318 1211 413 ι40
1310 340 1351 379 t·

129 518 214 595 solis
237 514 418 593 duntaxat
440 516 606 597 Dominis
624 514 781 625 Capituli
806 516 988 599 Ecclesiae
1004 549 1210 625 praevisus·
1298 584 1301 591 A

135 642 216 719 tae,
248 622 600 729 successoribusque
625 623 839 701 eorumdem
862 628 1133 729 canonicorum
1160 668 1215 690 ·-·

138 730 177 807 in
192 728 335 811 laudem
354 747 394 807 et
413 732 563 837 gloriam
587 726 703 806 divini
732 734 887 809 nominis
913 750 951 811 et
966 730 1211 837 llgMicbaelis

136 832 245 915 Arcb
273 840 327 893 4-
355 872 406 892 -
434 840 536 914 cuius
552 839 766 945 patrociniis
790 836 926 914 nedum
942 840 1122 940 interris,
1150 869 1212 921 ve·

133 970 220 1020 rum
239 948 350 1019 etiam
369 946 406 1019 in
421 946 576 1020 coelesti
590 942 806 1046 hyerarcbia
823 971 1006 1048 speramus
1024 948 1215 1027 confoveri

135 1054 343 1127 remisimus
360 1070 398 1125 et
411 1053 669 1144 relaxavimus,
696 1053 771 1125 imo
788 1050 974 1147 dedimus,
998 1055 1227 1131 donavimus-

135 1172 176 1233 et
189 1159 410 1233 contulimus
439 1196 491 1215 -
516 1196 571 1217 ·-
595 1159 678 1233 iure
702 1172 944 1260 perpetuoet
968 1163 1215 1239 irrevocabili·

134 1280 195 1339 ter
220 1302 275 1321 -
305 1292 351 1321 -·-
375 1288 434 1321 ···-
468 1266 549 1339 Tali
572 1282 694 1337 tamen
716 1262 928 1339 conditione
952 1304 1008 1325 ·-·
1031 1267 1217 1371 ·-·'quod

133 1370 316 1473 praedicti
329 1372 481 1447 Domini
506 1371 554 1445 de
570 1369 739 1473 capitulo
762 1385 801 1443 et
821 1395 950 1446 eorum
968 1396 1215 1468 successores,
1282 1380 1286 1391 '

135 1480 175 1552 in
195 1479 569 1578 recompensationem
584 1476 692 1553 certis
710 1478 897 1553 missurum
918 1476 1047 1554 officiis
1064 1480 1138 1557 sive
1155 1507 1217 1556 ce·

136 1584 400 1659 lebrationibus
419 1586 604 1687 perpetuis
629 1581 873 1686 temporibus,
902 1602 988 1686 puta
1006 1613 1077 1691 pro
1095 1588 1216 1692 singu·

134 1688 178 1765 lis
198 1689 327 1765 diebus
350 1687 520 1782 Sabathi,
548 1691 585 1765 in
614 1689 807 1791 specialem
831 1688 1011 1765 honorem
1029 1710 1066 1768 et
1087 1693 1215 1769 condi·

134 1822 241 1901 gnam
262 1794 425 1890 laudem,
451 1812 490 1871 et
508 1797 724 1871 memoriam
740 1797 925 1897 genitricis
947 1798 1018 1872 Dei
1040 1815 1078 1875 et
1093 1801 1214 1903 virgi·

132 1905 191 1977 nis
208 1902 390 1995 illibatae,
412 1902 561 2007 singulis
577 1928 665 1976 vero
684 1902 784 1977 seriis
800 1904 968 1980 secundis
989 1930 1057 2007 pro
1075 1907 1212 1981 anima·

131 2007 202 2085 bus
220 2006 384 2091 fidelium
404 2008 672 2100 defunctorum,
691 2007 838 2112 singulis
857 2027 978 2084 autem
993 2010 1091 2101 seriis
1108 2039 1215 2114 quar·

127 2115 199 2211 Ιῑίε,
224 2106 450 2221 singularum
471 2104 783 2189 hebdomadarum
804 2114 1061 2208 inhonorem,
1082 2143 1218 2216 conso-A

134 2220 309 2297 lationem
328 2221 485 2325 Spiritus
501 2220 539 2297 S.
551 2220 729 2297 Paracleti
746 2216 859 2296 corda
880 2218 1043 2297 fidelium
1061 2248 1213 2299 suorum

133 2328 225 2432 ignis
246 2330 302 2415 sui
321 2328 562 2403 illustratione
586 2324 861 2422 foecundantis,
896 2327 1049 2430 singulas
1068 2329 1211 2427 missas,

132 2434 251 2510 vocali
267 2432 513 2509 modulamine
531 2432 719 2529 decantari
736 2433 875 2528 facere,
895 2436 971 2510 aliis
989 2437 1126 2541 quippe
1141 2436 1212 2510 sin·

130 2541 224 2642 gulis
240 2539 382 2641 diebus,
402 2557 473 2615 tam
487 2538 588 2615 festis
609 2532 718 2642 quam
734 2538 871 2617 feriatis
886 2542 1107 2647 singularum
1125 2540 1213 2617 beb-

131 2644 388 2737 domadarum,
415 2648 622 2723 successivis
649 2646 895 2750 temporibus,
923 2675 1069 2753 semper
1095 2638 1132 2723 in
1154 2648 1211 2725 su·

129 2768 256 2827 turum
275 2750 347 2831 fide
367 2751 499 2827 Christi
521 2752 560 2827 in
578 2753 727 2827 ecclesia
742 2756 809 2827 Dei
831 2752 1071 2857 perdurante,
1089 2758 1211 2859 singu·

130 2857 183 2933 las
202 2862 328 2934 missas
346 2886 417 2961 pro
439 2856 639 2953 defunctis,
666 2884 773 2961 super
801 2860 913 2931 altare
931 2862 973 2935 B.
995 2860 1154 2935 'Cosmae
1168 2852 1210 2936 'rt

130 2965 297 3041 Damiaoi
314 2966 519 3066 Martyrum
545 2968 584 3039 in
610 2981 777 3039 annotata
801 2965 951 3047 ecclesia
975 2966 1211 3040 Transilvana

130 3089 364 3164 constructo,
393 3098 477 3146 cum
501 3095 627 3146 eorum
652 3071 809 3173 propriis
829 3086 864 3143 et
884 3070 1097 3171 specialibus
1116 3070 1207 3146 offi-

131 3180 219 3271 ciis,
257 3174 357 3253 boris
379 3179 452 3251 suis
478 3174 607 3252 debitis
634 3177 667 3250 le
694 3178 705 3247 i
729 3192 767 3249 et
792 3172 969 3277 celebrari
996 3177 1116 3255 lacere
1141 3174 1205 3253 de·

128 3280 242 3361 beant
257 3320 295 3339 -·
328 3274 365 3359 et
385 3284 458 3359 sint
474 3282 521 3359 de
538 3280 636 3358 facto
653 3204 814 3387 obligati.
840 3314 896 3337 -
920 3321 973 3339 —
999 3283 1083 3359 Hoc
1096 3283 1205 3359 etiam

129 3390 331 3493 specialiter
351 3388 555 3483 declarato,
577 3387 679 3493 quod
696 3390 725 3464 si
738 3406 944 3491 temporum
961 3390 999 3481 in
1019 3414 1211 3569 processu„

127 3496 204 3571 Nos
236 3513 299 3573 aut
323 3496 441 3573 nostri
471 3520 697 3571 successores
725 3511 916 3572 svvnotatos
941 3498 1015 3574 Ecc
1030 3496 1140 3573 esiam
1164 3512 1203 3572 ct

126 3604 306 3677 Domin'os
324 3626 367 3677 ac
387 3628 516 3685 eorum
533 3627 779 3697 successores,
796 3602 834 3675 iu
855 3604 1011 3705 pacifico
1035 3600 1200 3677 dominio

126 3706 336 3782 earumdem
360 3711 622 3810 possessionum
658 3750 709 3763 -
737 3747 791 3767 ·-
824 3723 936 3812 prout
950 3707 1201 3811 praesentibus

123 3800 365 3917 spondemus,
391 3831 514 3889 tenere
534 3840 607 3887 non
625 3840 832 3917 possemus,
852 3829 888 3887 ct
906 3838 1120 3892 conservare
1137 3829 1202 3889 aut
1247 3858 1250 3863 ·
1335 3862 1339 3871 ·

180 3944 283 4025 oquo
309 3916 376 3992 sub
401 3937 592 4025 praetextu
615 3919 759 3996 easdem
792 3957 843 3976 -
876 3953 930 3971 -
963 3917 1010 3995 de
1029 3936 1201 3997 annotata

157 4024 293 4101 eclesia
308 4040 345 4099 et
361 4026 530 4131 Capitulo
544 4025 778 4129 ¹contingeret
795 4022 961 4116 alienari,
983 4044 1119 4105 extimo
1134 4056 1204 4111 nos

178 4127 432 4230 liunyediana.
990 4136 1015 4207 4
1109 4160 1114 4167 ·
