2708 4568
111 306 187 376 316

111 515 260 616 luesque
279 512 502 617 Hungariae:
530 514 644 588 Livor
658 512 750 589 edax
761 540 870 636 ,quo
889 514 1009 590 varios
1027 540 1083 589 ex
1092 537 1198 603 more

111 620 238 695 iudicii
252 619 403 701 aculeos
422 622 689 721 concrispante,
714 623 859 722 ingemi,
878 623 1062 721 animique
1079 621 1199 721 splen·

113 725 185 801 dor
201 728 379 801 emarcuit
403 742 472 800 etc.
497 728 592 826 Epis.
617 727 708 799 tet
723 728 766 800 lt
791 725 837 799 ad
855 727 953 801 Paul.
975 728 1200 799 lvanichium

111 833 316 908 Notarium.
343 830 456 939 Apud
469 831 738 910 Schwandtner
754 834 860 907 Tom.
876 835 921 906 ιι.
939 862 977 936 p.
996 838 1163 905 10-14.

222 1035 356 1138 Magna
379 1032 509 1109 debuit
535 1035 686 1109 omnino
713 1061 791 1110 esse
818 1038 937 1111 virtus
948 1038 1100 1111 loannis
1118 1035 1200 1126 Hu-

113 1139 263 1241 nyadii,
286 1141 442 1215 hominis
458 1143 565 1234 novi,
585 1140 688 1262 quod
708 1142 771 1215 tali
788 1146 892 1263 regni
910 1159 1029 1235 statu,
1048 1159 1103 1217 tot
1122 1141 1201 1214 aliis

113 1249 219 1349 regni
238 1246 459 1321 Proceribus
481 1249 672 1354 potentia,
698 1249 913 1348 antiquitate
933 1251 1093 1352 generis,
1125 1249 1201 1348 glo-

116 1354 245 1453 riaque
265 1355 449 1428 maiorum
467 1337 690 1442 illustribus,
724 1357 911 1429 communi
931 1355 1202 1456 suffragantium

113 1475 204 1532 voto
228 1459 428 1558 praelatus,
463 1456 696 1533 Gubernium
720 1463 823 1562 regni
850 1477 980 1535 nacon
1001 1458 1131 1555 luerit,
1157 1486 1202 1534 eo

114 1565 272 1637 certius·
262 1619 273 1656 ,
311 1590 426 1665 quum
449 1580 540 1641 teste
562 1566 717 1639 Galeoto
739 1567 876 1650 Martio
897 1566 944 1641 de
965 1567 1071 1642 dictis
1095 1585 1134 1642 et
1152 1567 1203 1641 fa-

114 1671 183 1744 ctis
205 1666 363 1753 Matinae
385 1671 432 1743 R.
445 1671 575 1774 ,.Cap
592 1673 694 1745 Χιιι.
715 1671 890 1747 latinae
916 1674 1108 1776 linguae
1133 1700 1203 1746 ex·
1250 1664 1254 1669 ’

113 1801 224 1881 pers
258 1774 423 1851 fuerit
461 1777 545 1864 Qua
567 1775 615 1850 de
636 1803 743 1851 causa
762 1798 1021 1871 iuramentum
1043 1777 1176 1880 quod
1166 1808 1203 1851 m

114 1907 275 1988 corpore
297 1884 387 1958 iuris
408 1884 519 1985 patrii
537 1883 705 1986 legimus,
725 1885 901 1962 idiomate
922 1888 1041 1988 patrio
1063 1886 1202 1961 fecerit

223 2094 409 2169 Virtutem
429 2092 506 2169 eius
524 2089 712 2167 Bonfinius
732 2091 881 2166 Decade
897 2090 979 2166 Ill?
990 2089 1053 2165 lib.
1071 2091 1135 2167 IV.
1157 2094 1206 2165 ita
1243 2147 1255 2168 ι

119 2198 298 2303 depingit:
328 2200 424 2292 „Vir
447 2197 536 2293 fuit,
563 2201 602 2271 in
623 2223 698 2299 quo
719 2199 1047 2300 magnanimitatem
1066 2202 1207 2300 sapien-

122 2309 209 2383 tiam
221 2304 550 2408 fortitudinemque
560 2305 763 2379 Romanam
780 2329 1044 2406 recognoscere
1063 2304 1208 2380 licebat.

119 2413 283 2516 Aspectu
306 2411 518 2516 perliberali
537 2409 629 2506 fuit,
657 2437 699 2486 ac
719 2409 949 2505 venerando,
976 2411 1126 2493 militari
1147 2437 1208 2486 ro·

118 2518 215 2595 bore
234 2517 455 2612 indomitus,
479 2519 581 2593 cuius
602 2519 703 2610 mite,
727 2533 991 2619 praestansque
1010 2518 1208 2621 ingenium,

68 2636 81 2646 “
118 2624 173 2701 nil
193 2641 343 2728 praeter
365 2626 556 2698 Romanae
585 2622 768 2725 dignitatis
797 2625 991 2726 imaginem
1012 2623 1206 2698 referebat

121 2732 326 2808 Oculorum
345 2746 383 2804 et
404 2732 481 2809 oris
501 2745 689 2804 venustate
705 2730 946 2832 praepolluit,
966 2756 1088 2816 mores
1106 2732 1207 2804 omni

118 2853 289 2939 exparte
306 2835 534 2930 nobilissimi,
554 2833 600 2909 ab
621 2841 795 2938 omnique
813 2835 970 2913 barbara
990 2835 1134 2913 feritate
1155 2862 1209 2911 re·

121 2940 248 3019 demti.
297 2944 497 3048 Religionis
524 2970 567 3019 ac
595 2944 772 3035 iustitiae,
808 2945 897 3021 item
926 2940 1152 3019 liberalitatis
1173 2958 1225 3016 et-

119 3048 383 3126 benelicentiae
404 3049 687 3125 studiosissimus
707 3047 788 3124 firit
809 3050 941 3150 Neque
961 3046 1086 3124 deerat
1105 3046 1211 3124 am'or
1265 3145 1268 3149 .

121 3153 322 3232 honestatis
340 3174 377 3232 et
399 3158 577 3231 amicitiae
599 3157 729 3249 cultus,
750 3153 797 3230 ad
818 3154 1034 3260 obligandos
1054 3157 1210 3239 militum
1255 3226 1258 3231 .

123 3266 264 3339 animos
284 3280 323 3338 et
345 3264 629 3366 promerendam
653 3279 885 3337 caeterorum
901 3263 1073 3365 gratiam,
1094 3286 1211 3363 usque

7 3455 16 3460 ,
122 3369 217 3447 adeo
242 3369 429 3472 promtus,
452 3386 495 3443 ut
515 3396 631 3473 aeque
648 3368 695 3443 ab
714 3365 883 3447 omnibus
911 3384 1104 3443 amaretur.
1140 3370 1213 3449 Co-¹

122 3478 269 3570 unitate,
302 3474 565 3570 beneficentia,
595 3474 953 3576 dissimulationeque
979 3473 1133 3569 callida,
1158 3474 1211 3549 sic
1246 3531 1251 3535 -

2 3626 4 3633 v
96 3582 347 3704 'inimicitias
352 3601 391 3659 et
414 3581 500 3658 odia
520 3581 735 3676 declinavit,
760 3599 803 3657 ut
822 3579 878 3656 his
896 3577 1111 3661 ¹officiorum
1128 3582 1212 3657 arti.

124 3688 196 3765 bus
207 3744 220 3780 ,
248 3688 347 3765 ad
316 3715 391 3763 eius
413 3688 596 3793 dignitatis
619 3686 843 3763 altitudinem
862 3686 984 3763 sibi
951 3714 1047 3761 uam
1065 3714 1212 3790 compa·

124 3811 245 3889 roret,
281 3822 391 3916 quam
420 3822 469 3871 ne
492 3821 639 3901 sperare
668 3793 819 3915 quidem
847 3796 1016 3869 licuisset.
1051 3795 1155 3871 Acer
1176 3807 1213 3866 et

127 3900 293 3977 excelsus
314 3903 396 3976 viro
419 3901 490 3978 fuit
510 3904 666 3995 animus,
696 3882 1089 4022 consiliumprudens,
1113 3900 1197 3975 calli

127 4003 306 4108 dumque
296 4061 307 4100 ,
342 4010 402 4084 cui
417 4035 503 4086 mos
533 4026 613 4085 erat
637 4009 689 4087 nil
708 4009 937 4133 inconsulto,
968 4007 1048 4082 nil
1037 4024 1213 4108 retempt-
