2708 4568
84 275 184 348 aa
314 340 343 376 ¹.

15 523 17 529 v
127 480 336 559 horatianos
357 495 519 576 nusum,
546 479 804 558 accedente
830 482 1030 587 primuln
1055 482 1102 558 ad
1120 478 1211 559 lto'o

130 590 496 664 illustrissime
531 589 777 692 principis
805 590 851 664 D.
880 588 1208 685 Elisabetbae,

75 680 320 799 '‘reginae
348 711 557 788 nostrae,
574 695 932 797 praenominati
958 695 1207 771 DzAtberu

125 803 380 876 consortis
408 801 669 903 legitimae,
697 825 920 904 expressa
946 801 1206 895 voluntate,

127 908 265 982 obtulit
290 933 332 982 se
350 933 440 1010 prae
465 905 635 981 omnibus
666 905 743 1011 aliis
769 904 952 1006 mentibus
972 909 1105 981 nostris
1121 904 1208 1010 per·

126 1035 216 1090 sona
235 1013 532 1089 truculentissimi
553 1013 729 1114 Principis
755 1014 803 1089 D.
830 1011 1038 1106 wladislai,
1061 1015 1131 1090 Dci
1149 1043 1203 1118 gr.

124 1119 297 1196 Poloniae
314 1121 410 1222 regis
432 1117 792 1215 moderni,'l)omini
812 1121 927 1194 nostri
944 1122 1204 1221 gratiosissimi,

124 1230 163 1301 in
185 1251 297 1329 quem
318 1224 466 1300 demum
482 1240 571 1300 uota
588 1225 772 1316 omnium,
795 1227 859 1328 qui
877 1225 915 1299 in
932 1225 1027 1300 dicta
1045 1227 1205 1306 Budeusi

120 1349 160 1408 et
180 1331 339 1436 generali
356 1332 461 1434 regni
478 1330 589 1407 totius
601 1331 842 1406 conventione
853 1329 1000 1413 lucmnt
1018 1335 1203 1426 conventi,

120 1463 298 1515 conversa
326 1455 450 1530 erant,
478 1435 732 1510 affectantibus
746 1435 923 1511 omnibus
942 1438 1060 1541 ipsum
1078 1438 1147 1515 sibi
1165 1452 1204 1513 et

123 1542 223 1619 dicto
239 1569 352 1646 regno
361 1542 567 1648 Hungariae
583 1540 729 1644 praefici
753 1544 791 1616 in
811 1541 999 1619 dominum
1010 1561 1046 1619 et
1064 1571 1199 1650 regem.

120 1653 169 1727 Et
186 1650 329 1743 statim,
356 1666 399 1724 ut
419 1649 622 1752 potiremur
642 1650 752 1741 votis,
781 1648 827 1723 ad
848 1647 1111 1726 conficiendum
1129 1649 1202 1727 'bu-

120 1754 278 1847 iusmodi
307 1757 502 1859 negocium
528 1752 689 1829 misimus
717 1754 763 1829 ad
784 1757 1024 1857 praesentiam
1043 1782 1202 1860 praeno.-

118 1862 248 1939 minati
264 1862 374 1936 Dom.
394 1861 489 1968 regis
506 1860 686 1935 solemnes
704 1860 976 1959 ambassiatores
994 1869 1037 1937 εἴ
1051 1867 1202 1941 nuntios

119 1985 283 2052 nostros,
304 1967 451 2071 speciali
469 1981 509 2040 et
527 1963 720 2062 sufficienti
739 1973 956 2042 nucmnute
972 1985 1009 2042 et
1027 1969 1201 2046 mandato·

19 2122 22 2129 «
120 2091 195 2149 tam
214 2072 399 2179 praefatae
421 2076 468 2148 D.
486 2068 674 2148 Elisabeth
686 2076 862 2178 reginae,
890 2094 1001 2176 quam
1019 2087 1143 2150 nostra
1162 2091 1203 2154 et

117 2182 221 2286 regni
249 2171 362 2255 totius
390 2179 520 2271 fultos,
556 2193 595 2255 et
619 2177 668 2252 de
689 2202 857 2282 expressa
874 2197 995 2255 mente
1015 2199 1053 2256 et
1069 2181 1201 2257 volun·

117 2303 192 2362 tate
213 2284 372 2363 eiusdem
393 2313 437 2361 ac
456 2301 583 2373 nostra
610 2280 822 2386 adplenum
846 2287 1061 2380 instructos,
1089 2291 1199 2363 certi·

118 2390 243 2468 licatos
265 2407 302 2465 et
318 2391 554 2484 informatos,
581 2387 751 2465 videlicet
768 2392 813 2465 ll.
831 2392 868 2465 in
887 2391 952 2471 Cb.
967 2394 1007 2469 P.
1023 2396 1069 2471 D.
1087 2397 1200 2469 loon·

118 2502 225 2590 nem,
250 2496 471 2598 Episcopum
490 2492 752 2600 'Segniensem
786 2513 825 2572 et
842 2498 1054 2602 Magnificus
1071 2494 1199 2576 Domi·

116 2629 186 2678 nos
202 2602 414 2704 Mathonem
433 2591 687 2693 deTalo'wcz,
708 2603 826 2677 Dalm.
849 2606 1015 2682 Croatiae
1032 2623 1070 2682 ct
1086 2610 1200 2685 totius

117 2707 338 2785 sclavoniae
362 2732 558 2812 regnomm
585 2706 742 2803 Danum,
777 2711 955 2785 loannem
982 2712 1029 2790 de
1056 2714 1197 2810 Peren,

21 2866 26 2872 ,
117 2816 330 2918 Magistrum
346 2811 523 2890 Thavarn.
537 2813 730 2916 regalium,
748 2815 963 2893 'Ladislaum
981 2820 1027 2896 de
1044 2819 1197 2917 Palbcz,

119 2921 251 2999 Curiae
266 2946 332 3024 rog
355 2920 397 2995 lis
416 2919 642 3024 Magistrum,
664 2937 701 2994 et
717 2924 923 2998 Emericum
940 2925 987 3002 de
1003 2928 1198 3025 Marczaly,

117 3027 213 3130 Mag.
234 2942 493 3129 Daptlbnorum
519 3024 694 3131 regalium
719 3045 757 3102 et
784 3030 824 3106 C.
840 3028 1071 3136 Simighien.;
1106 3033 1199 3109 ethi

37 3179 40 3185 -
117 3131 328 3209 huiusmodi
343 3133 536 3226 mundato,
554 3152 648 3208 -cum
666 3133 743 3208 zelo
761 3131 850 3209 boni
867 3142 1069 3213 communis
1092 3143 1197 3243 regni

67 3304 69 3309 ⁴
116 3239 336 3343 saepedicti,
374 3255 450 3313 tum
474 3241 582 3314 etiam
606 3237 653 3312 ad
677 3240 881 3316 instantiam
911 3245 1119 3332 antedictae·
1135 3273 1196 3321 re·

115 3348 221 3450 ginae
249 3363 286 3419 et
311 3353 473 3421 nostram
502 3361 692 3448 suscept0,
719 3348 878 3448 profecti
900 3370 985 3428 sunt
1005 3351 1054 3426 ad
1071 3379 1196 3456 regem

16 3536 29 3564 ι
113 3446 361 3553 praedictum,
395 3453 432 3525 in
457 3453 600 3526 civitate
632 3454 866 3528 Cracovieusi
879 3471 986 3535 'tunc'
1016 3463 1196 3534 constitu·

115 3571 212 3651 uim,
240 3570 278 3630 et
299 3558 483 3632 venientes
508 3558 675 3659 exposita
690 3560 849 3660 primum
865 3589 988 3640 coram
1005 3565 1193 3642 Maiestate

113 3662 225 3766 ipsius
246 3660 431 3767 'legatione
448 3663 608 3737 iniuncta
633 3681 671 3737 ct
688 3664 834 3741 demum
853 3673 990 3748 exactis
1008 3684 1093 3746 cum
1109 3675 1192 3775 ipso

110 3769 160 3843 D.
179 3784 283 3875 rege,
312 3770 575 3873 praelatisque,
604 3768 819 3866 baronibus,
837 3776 1058 3877 proceribus·
1073 3793 1110 3856 et
1125 3805 1193 3854 no·

87 3954 90 3959 ,
111 3871 246 3950 bilibus
270 3878 374 3978 regui
392 3876 565 3950 Poloniae
587 3877 839 3983 compluribus
857 3881 986 3959 <liebus
1003 3885 1047 3958 in·
1061 3899 1193 3961 tracte·

111 3976 229 4076 tibus,
248 3975 295 4083 ad
312 4002 391 4057 rem
405 3981 592 4078 eiusmodi¹
602 3986 841 4088 opportunis,
865 3991 1056 4094 negocium
1073 3994 1193 4100 ipsum

364 3111 367 3120 ι
