2708 4568
180 124 593 285 esest*

175 392 385 471 huiusmodi
412 396 584 501 malignae
612 393 820 470 invidiae
852 391 1014 470 fomenta
1043 380 1116 466 non
1143 382 1259 464 modo

177 523 251 574 non
269 499 446 592 credere,
472 500 534 576 scd
563 529 630 576 nec
657 499 801 595 andire,
820 542 869 553 -—-
888 499 1030 601 scitque
1047 498 1158 570 etiam
1176 495 1261 571 illu·

177 618 289 680 stre'm
315 610 518 708 genitorem
542 634 665 701 suum,
699 608 748 680 ita
771 602 1172 710 potissimumvixisse',
1202 627 1260 677 se·

176 737 250 813 qne
270 711 391 785 taliter
409 715 575 815 gessisse,
604 728 646 787 ut
663 710 709 787 de
729 711 793 785 illo
814 709 904 785 nihil
927 736 1012 785 vere
1033 706 1106 782 dici
1122 710 1260 809 possit,
1310 740 1314 747 ·

176 818 243 892 nisi
259 815 362 918 quod
380 818 426 891 ad
442 847 619 895 summam
630 818 854 923 probitatem
867 842 909 891 ac
923 814 1065 890 laudem
1086 814 1259 916 pertinet,

177 939 213 996 ct
237 921 284 996 ad
303 929 551 1029 magnanimae
569 927 717 999 'virtutis
738 926 892 1030 gloriam
911 923 1179 1025 sempiternam.
1207 920 1261 994 En

174 1052 283 1122 vero,
313 1057 405 1131 quae
432 1030 535 1106 sorte
552 1029 598 1105 de
619 1032 700 1134 ipso
713 1020 912 1135 malignitas
929 1054 1014 1102 ausa
1033 1042 1089 1112 est
1106 1028 1259 1099 commi·

174 1135 286 1228 nisci,
315 1152 353 1210 et
369 1137 534 1242 alioquin
557 1138 705 1236 minime
725 1133 964 1227 verosimilia,
992 1132 1100 1207 etiam
1115 1133 1261 1206 ratione
1284 1211 1287 1215 ,

175 1256 380 1342 temporum
397 1241 630 1345 impossibilia
651 1267 750 1335 esse,
776 1240 881 1327 facile
898 1237 1195 1323 coniectantur.“¹
1207 1258 1258 1292 ··-

172 1346 239 1419 Lit.
258 1368 326 1422 nro
343 1349 557 1424 LXXXIX.
1130 1380 1134 1389 ’

270 1547 542 1622 Calumniarum
565 1546 698 1650 quibus
724 1548 812 1624 dum
836 1547 927 1622 vixit
944 1546 1100 1622 obrutus
1118 1570 1260 1650 poene,
1335 1540 1338 1547 ’

173 1653 420 1756 ροειιοδίωω
436 1656 644 1756 inquinatus
662 1652 781 1753 fuerat
792 1651 1261 1749 (v.nroLXXX.)oceasio

162 1783 300 1853 causa,
320 1777 503 1853 auctores,
526 1759 649 1853 iidem,
666 1764 732 1862 qui
753 1759 819 1835 filii
839 1759 997 1833 Ladisln'i
1013 1760 1110 1834 necis
1129 1783 1261 1832 cruen-

94 1918 96 1924 -
174 1883 231 1942 tae
248 1862 414 1958 fuerant,
444 1865 489 1940 de
507 1865 638 1967 quibus
655 1867 881 1942 Thu'roczius
902 1880 1069 1939 testatur:
1096 1865 1262 1956 „Comes

175 1973 355 2047 Palatinus
381 1970 582 2074 (Ladislaus
611 1970 658 2044 de
677 1970 788 2074 Gara)
814 1987 852 2046 et
868 1971 997 2046 Paulus
1013 1968 1150 2063 Banlli,
1179 1969 1262 2072 plu·

175 2104 326 2180 resque,
369 2079 432 2179 qui
458 2080 581 2180 potius
618 2077 913 2170 adulationibus,
939 2100 1049 2180 quam
1075 2100 1262 2150 armorum

179 2182 383 2259 directione
401 2187 476 2285 regi
501 2183 727 2291 serviebant,
757 2209 798 2258 ac
821 2209 946 2257 omnes
961 2182 1033 2274 illi,
1062 2184 1180 2285 quiin
1197 2207 1261 2282 pa·

177 2307 270 2364 trem
296 2291 407 2392 ipsius
434 2293 472 2366 C.
498 2289 653 2364 Ladislai
687 2307 914 2393 conceptum·
937 2313 1160 2378 rancorem,
1193 2289 1261 2362 illo

132 2430 136 2436 ·
178 2398 302 2471 vivere
329 2421 498 2470 evomere
518 2397 778 2499 nequiverant,
807 2395 853 2470 ad
867 2393 1060 2500 exigendas
1079 2401 1104 2468 a
1117 2395 1261 2471 Comite
1304 2435 1309 2443 ·

175 2500 347 2575 ‘Ladislao
366 2502 538 2576 facinoris
566 2504 641 2575 eius
660 2528 797 2607 poenas
817 2501 955 2577 crebris
969 2499 1269 2601 persuasionibus·

178 2607 539 2711 regemlatigabant3
575 2609 789 2710 inquiebant
814 2610 925 2681 enim:
964 2609 1021 2679 Tu
1046 2632 1115 2681 rex
1139 2631 1196 2699 es,
1223 2621 1262 2678 et

177 2715 279 2788 illum
299 2731 429 2788 evincta
448 2715 612 2815 seqnitur
629 2715 824 2816 Hungaria.
854 2715 926 2788 Hic
941 2714 1158 2806 Procerum,
1182 2711 1262 2786 vul·

135 2816 288 2923 -gique
315 2818 441 2894 favore
467 2818 664 2921 superbus,
693 2818 760 2893 hac
785 2823 867 2895 vice
890 2821 927 2893 in
944 2818 983 2892 C.
1002 2817 1151 2912 Vlrico,
1173 2844 1270 2894 con··

130 2952 133 2956 ·
167 2928 374 3030 'sanguineo
393 2941 478 3019 tuo,
507 2943 609 3000 tuum
626 2925 784 3000 adlatus
809 2922 898 3000 haec
916 2923 1014 2999 fecit.
1043 2918 1261 3000 Timendum
1319 2971 1321 2975 -

180 3047 656 3133 est,1ne'praesnmtuosus
685 3031 796 3108 homo
820 3027 867 3105 de
894 3049 955 3106 tua
983 3055 1138 3133 persona
1161 3029 1264 3104 idem

178 3135 297 3212 faciat.
338 3118 494 3232 chles,
528 3137 594 3213 sed
613 3142 759 3215 interim
775 3141 813 3212 in
829 3139 1034 3239 Hungariae
1054 3162 1167 3241 regno
1185 3163 1263 3213 non

179 3243 369 3348 regnabis,
399 3244 518 3320 donec
536 3247 622 3346 ,ipse
646 3247 864 3350 supervivet.
904 3246 1030 3320 Motus
1050 3260 1105 3319 est
1122 3241 1264 3320 crebris

177 3349 470 3455 persuasionibus
494 3355 589 3454 regis
610 3350 765 3425 Ladislai
794 3342 932 3426 iuvenis
948 3352 1108 3441 animus,
1136 3376 1265 3453 parvu-

179 3482 251 3557 que
281 3458 456 3551 scintilla,
486 3457 625 3555 crebris
660 3459 930 3560 persuasionum
957 3455 1103 3547 flatibus
1122 3455 1278 3535 ‘ardere-
1310 3547 1313 3553 ,

178 3563 339 3665 coepit.“
367 3564 471 3638 Hanc
492 3565 529 3637 in
546 3589 624 3637 rem
641 3563 964 3640 animadvertitcl.
980 3564 1075 3662 Pray
1092 3563 1184 3638 Hist.
1198 3573 1281 3636 're--

177 3673 238 3771 gni
255 3670 375 3771 Hung.
405 3670 444 3742 P.
465 3671 508 3743 ll.
540 3698 575 3771 p.
595 3672 703 3744 3762:
741 3669 861 3763 „lllud
880 3668 1086 3771 improvide
1104 3667 1264 3760 sactum,

128 3864 133 3877 .
178 3774 280 3875 quod
307 3776 343 3846 in
368 3775 498 3849 iisdem
528 3777 660 3850 litteris·
688 3775 951 3851 anctores'sibi
972 3777 1119 3876 suisque
1139 3773 1278 3852 haere·-

165 3878 301 3972 .dibus,
330 3907 349 3952 a
374 3907 469 3988 rege>
487 3900 521 3956 et
547 3884 617 3954 suis
644 3878 913 3957 comessoribus
938 3882 1054 3955 caveri
1082 3879 1280 3984 flagitare·
1301 3898 1313 3913 ·“
