2708 4568
242 292 364 389 ηοξ
489 289 494 303 ‘

240 515 402 621 cupienti
421 509 551 620 sponte
572 511 681 590 obvia
703 513 750 588 ad
771 512 911 588 altioris
931 507 1085 588 fiduciae
1104 511 1244 605 cultram
1262 539 1325 589 me

241 625 433 701 sustollere
452 633 585 724 potens
599 623 680 695 erit.
702 661 755 681 -
774 621 877 694 Hanc
904 616 1074 722 equidem
1095 618 1322 696 benevolen-

152 803 165 822 .,
238 734 345 822 tiam,
381 726 585 803 beatissime
610 744 736 829 pater,
759 728 809 799 'in
833 726 886 799 his
911 725 1019 818 rebus
1041 728 1201 800 maxime
1217 727 1321 829 pensi
1343 783 1347 823 ;

169 844 171 849 ’
239 835 375 911 habeo:
404 832 487 908 hine
516 852 553 908 et
573 859 641 934 pro
663 830 730 904 bac
747 834 875 936 gratias
893 858 979 936 ago,
1009 848 1146 934 quanto
1168 832 1320 907 uberius
1347 848 1350 853 '

236 968 389 1048 possum
405 939 616 1043 releroque,
631 940 690 1013 cui
702 941 914 1042 praesertim
933 941 984 1010 ita
1004 941 1198 1035 iam'inniti
1215 966 1317 1041 pare,

106 1034 134 1112 .‘
236 1067 278 1122 ut
304 1074 345 1120 ea
365 1046 424 1121 vel
452 1046 551 1139 sola,
582 1046 640 1118 vel
668 1047 785 1145 prima
806 1044 1040 1139 incumbere,
1075 1045 1244 1146 proliciet
1274 1043 1318 1118 ad

235 1153 324 1229 baec
345 1156 421 1255 ipsa
427 1207 443 1252 ³,
467 1177 561 1253 quae
579 1148 742 1252 obtulit,
759 1147 1026 1253 consequenda.
1062 1152 1106 1223 In
1125 1149 1259 1251 quibus
1275 1153 1317 1226 li·

236 1278 295 1334 cet
312 1286 497 1359 nunquam
517 1257 645 1331 famam
670 1261 847 1359 privatam
866 1255 1086 1360 reipublicae
1104 1257 1317 1341 christianae

13 1347 15 1361 ἱ
47 1362 51 1367 ’
96 1352 102 1379 '¹
126 1377 129 1383 ’
230 1365 349 1471 'pluris
366 1363 486 1468 facere
502 1366 541 1436 in
558 1366 677 1437 animo
696 1365 763 1456 sit,
788 1365 956 1437 tamensi
978 1362 1066 1465 quid
1086 1362 1242 1458 laboriS,
1264 1365 1316 1437 vi·

235 1472 421 1576 giliarum,
457 1496 566 1542 curae
593 1496 635 1542 ac
664 1470 786 1569 operis
815 1467 925 1541 adiici>
944 1471 1102 1569 poterit,
1141 1469 1315 1543 certando

233 1603 379 1651 mecum
398 1578 476 1678 ipse
496 1574 656 1668 adnitar,
695 1592 737 1648 ut
754 1590 888 1647 tantam
906 1572 951 1648 de
970 1601 1027 1649 me
1047 1576 1257 1674 opinionem
1278 1593 1315 1650 et

235 1698 459 1758 constantem
483 1697 520 1756 et
549 1683 698 1774 utilem,
721 1707 830 1782 quam
857 1682 1021 1754 solertius
1044 1681 1218 1776 efficiam,
1245 1708 1313 1756 nec

216 1791 371 1892 patiar,
407 1804 448 1860 ut
467 1791 568 1861 in’re
598 1789 674 1888 ipsa
689 1783 750 1859 'me
773 1792 859 1861 cura
877 1789 996 1888 prins,
1025 1815 1134 1890 quam
1152 1815 1233 1891 spes
1252 1788 1314 1862 de·

125 1907 126 1910 ’
186 1967 188 1979 A
219 1892 369 1969 'stituat
397 1894 519 1967 Habet
537 1894 647 1997 igitur
668 1895 709 1967 Β.
728 1894 773 1966 V.
788 1908 952 1995 paratum
970 1895 1008 1965 in
1026 1921 1085 1980 me
1106 1897 1313 1968 ministrum

233 2017 271 2075 et
287 2003 446 2073 animum
461 2026 545 2074 ¹non
564 2017 797 2075 executorem
813 1998 947 2091 modu,
975 1995 1041 2073 seli
1058 2019 1094 2083 et
1111 2002 1311 2103 praesulto-
1333 2051 1340 2070 ,

128 2180 132 2190 x
231 2134 310 2183 rem
326 2109 364 2194 in
384 2105 455 2180 hoc
474 2121 575 2199 vote,
593 2107 643 2179 ita
660 2123 702 2179 ut
721 2104 890 2206 deinceps
908 2107 1017 2208 magis
1030 2106 1201 2205 adiutore
1219 2133 1310 2209 opus

127 2238 132 2267 ³
233 2216 299 2306 sit,
325 2240 434 2315 quam
454 2214 655 2286 incitatore.
692 2210 962 2303 Quamobrem,
991 2215 1022 2286 si
1040 2240 1098 2287 me
1116 2215 1173 2285 vel
1191 2216 1308 2314 potius

231 2321 431 2415 communis
453 2334 601 2392 nostrae
621 2318 806 2419 religionis
829 2320 962 2391 statuln
980 2319 1017 2390 in
1045 2346 1103 2391 me
1122 2320 1161 2393 S.
1182 2323 1225 2394 V.
1244 2316 1309 2394 ho-

229 2443 399 2498 noratum
419 2450 494 2499 esse
516 2425 634 2516 volet,
653 2426 684 2497 si
703 2424 859 2524 denique
879 2425 1006 2497 collata
1022 2426 1171 2527 insignia
1189 2424 1309 2498 inbae-

99 2603 107 2620 ‚
180 2590 182 2595 .
228 2555 311 2603 rere
329 2528 437 2621 mihi,
456 2557 565 2631 quam
583 2528 679 2601 elabi
702 2527 960 2622 satius‘dncet3
985 2529 1077 2604 ferat
1097 2557 1205 2632 opem
1222 2532 1307 2605 elle·
1343 2592 1346 2598 .

182 2664 190 2679 r
229 2637 324 2726 ctui,
364 2636 429 2736 qui
449 2635 526 2734 spei
547 2635 709 2708 stimulos
729 2633 848 2729 dedit,
876 2652 1011 2710 utnon
1033 2638 1227 2738 appellasse
1245 2662 1306 2711 so-

136 2782 139 2788 ·
228 2741 305 2813 lum
324 2743 364 2813 B.
387 2740 450 2835 V.,
489 2738 553 2813 sed
579 2739 740 2814 effecisse
763 2741 965 2842 principem
982 2741 1167 2817 rideatur.
1210 2743 1307 2816 Nam

226 2847 402 2950 aliorum,
430 2863 690 2950 praeterquam
710 2846 805 2923 sedis
824 2847 942 2940 illius,
970 2847 1013 2922 ad
1037 2874 1115 2924 eam
1135 2876 1214 2924 rem
1242 2876 1305 2924 au·

104 2995 106 3001 .
224 2953 352 3029 xilium
382 2970 508 3056 optare
537 2950 686 3056 quidem
716 2969 868 3057 potero,
898 2953 964 3028 sed
992 2981 1138 3058 sperare
1163 2982 1303 3058 parum.

224 3061 311 3149 Quo
331 3057 414 3153 fiet,
436 3076 478 3133 ut
496 3059 675 3163 quidquid
695 3057 826 3135 exinde
847 3057 992 3136 honesti
1011 3076 1221 3137 secuturum
1238 3078 1303 3153 est,

43 3156 46 3172 ⁴
113 3182 117 3263 s
223 3164 264 3241 id
286 3191 369 3240 sane
396 3165 484 3239 mihi
503 3165 549 3239 ad
573 3169 745 3270 gratiam,
781 3190 909 3264 verum
931 3165 1146 3242 beatitudini
1163 3181 1304 3243 vestrae

222 3271 271 3346 ad
284 3273 437 3377 gloriam
457 3287 639 3375 aeternam
667 3270 955 3372 compellabitur.
991 3277 1069 3378 Ego
1090 3300 1192 3349 ver-o.
1205 3275 1242 3347 in
1261 3300 1304 3350 ea

220 3403 264 3452 re
280 3368 451 3453 adversus
469 3379 551 3452 illos
573 3395 610 3452 et
627 3381 784 3452 nominis
804 3381 919 3453 nostri
941 3396 978 3454 et
996 3396 1144 3454 naturae
1166 3377 1300 3472 hostes,

222 3511 297 3586 quo
315 3487 479 3589 accipio,
507 3482 638 3558 eodem
660 3511 718 3559 me
735 3478 922 3588 'gesturum
943 3488 1085 3576 animo,
1112 3486 1300 3588 polliceor.

211 3589 263 3664 'In
284 3617 357 3693 qua
371 3598 401 3666 si
417 3593 572 3695 inceptis
593 3607 741 3665 eventus
763 3616 867 3692 pares
886 3591 1043 3667 reddere
1064 3592 1205 3666 divinae
1225 3593 1303 3693 pie·

218 3697 284 3769 tati
303 3697 502 3798 placuerit,
523 3723 598 3770 non
617 3713 691 3771 tam
709 3697 833 3771 fructu
851 3698 1052 3774 iucundum
1071 3700 1162 3792 erit,
1192 3724 1304 3798 quam

217 3801 369 3879 ultione.
409 3803 551 3897 Restat,
585 3819 686 3878 utet
714 3829 782 3908 ego
810 3801 1014 3908 aggrediar,
1050 3822 1087 3880 et
1112 3806 1153 3878 B.
1174 3807 1219 3880 V·
1241 3831 1303 3906 ag-

215 3932 398 4009 gressum,
436 3936 634 4014 curamque
664 3937 781 4011 meam
814 3911 1024 4003 confoveat3
1062 3928 1241 4013 quatenus
1261 3911 1301 3983 in

215 4009 286 4092 boc
306 4038 544 4117 cognoscam,
581 4032 756 4121 quantum
783 4018 929 4095 voluisti
950 4043 1027 4111 me,
1062 4018 1095 4093 si
1117 4042 1192 4093 non
1212 4041 1301 4126 gau·

608 4160 610 4164 .
964 4136 971 4178 t
