2708 4568
201 311 292 379 '108
404 341 408 351 ·

216 517 310 594 festo
334 518 374 594 B.
392 520 512 593 Lucae
539 518 783 621 Evangelistae
808 516 918 589 Anno
933 512 1083 587 Domini
1102 511 1298 586 Millesimo

217 624 572 728 quadringentesimo
593 621 866 726 quadragesimo
885 620 1049 720 septimo·

263 778 285 834 E
302 776 385 836 MSS.
407 766 562 836 Cornides.
580 776 669 835 Tem.
687 774 751 832 Xll.

647 992 650 997 ·
667 966 845 1041 XXXVI.

113 1126 120 1142 ‘
219 1100 306 1165 Idem
324 1108 366 1164 im
388 1104 501 1165 bellum
521 1108 688 1166 Turcioum
706 1109 859 1183 intentus,
881 1101 921 1162 ab
935 1101 1097 1180 Alphonso
1115 1093 1309 1181 Aragonum'

313 1199 343 1267 el
360 1209 567 1287 Neapolitano
585 1229 655 1290 rege
666 1205 846 1266 muneribus
864 1206 1013 1278 excultus,
1033 1206 1194 1282 suppetias
1214 1201 1303 1261 solli-

315 1314 403 1372 citat·
429 1311 491 1371 Aa.
515 1311 608 1376 1448.
1088 1311 1091 1317 ’

318 1451 555 1526 Serenissimc
574 1469 611 1526 et
638 1453 937 1528 excellentissime
951 1452 1137 1551 Princeps.
1164 1448 1304 1522 Literas

222 1575 260 1632 et
281 1561 463 1631 nuncium·
480 1562 680 1634 serenitatis
705 1570 844 1633 vestrte
871 1559 1036 1634 absoluto
1061 1554 1206 1627 tandem
1229 1569 1306 1623 tur-

222 1664 371 1738 binibus
390 1666 539 1754 itinere,
568 1667 639 1741 hoc
658 1668 857 1767 praeterito
873 1691 998 1738 mense
1016 1661 1155 1765 Aprili,
1178 1656 1252 1732 vidi
1271 1672 1308 1728 et

137 1799 143 1813 “
225 1768 352 1842 habui:
400 1772 436 1841 in
463 1767 595 1872 quibus
630 1798 677 1845 ex
703 1772 847 1874 vulgata
869 1775 1004 1844 virtute
1029 1769 1125 1869 regia
1153 1763 1307 1838 obortae

226 1872 364 1948 dudum
388 1874 463 1976 spei
488 1903 587 1953 meae
612 1905 688 1950 non
712 1895 866 1978 aequata
885 1875 1020 1970 modo,
1048 1899 1176 1947 verum
1191 1885 1309 1970 'super

225 1999 371 2084 erogata
388 1980 522 2055 favoris
543 1985 721 2086 principia
743 1983 955 2085 complexus
967 2009 1063 2064 sum.¹
1089 1976 1224 2053 Audivi
1245 1973 1308 2045 de-

223 2114 323 2163 mum
350 2098 386 2162 et
410 2092 614 2164 orationem
637 2091 833 2169 Maiestatis
851 2089 947 2162 illius
972 2087 1065 2161 bene
1088 2107 1307 2172 memorem,

223 2198 365 2300 suscepi
384 2194 540 2298 quoque'
552 2198 697 2298 elargita
709 2196 768 2268 illa
784 2194 1052 2269 munificentiae
1063 2193 1182 2293 regiae
1203 2186 1310 2276 dona,

1317 348 1340 475 l

1326 530 1349 587 ,l

1340 640 1349 684 l

225 2327 371 2402 equos
399 2301 588 2395 videlicet,
626 2320 662 2376 et
686 2319 899 2406 apparatuS,
929 2301 1064 2405 gratia,
1098 2293 1310 2397 splendore·
1343 2312 1347 2316 “

224 2432 296 2507 que
323 2406 531 2510 magnifica,
563 2434 723 2510 quorum
751 2406 932 2482 beneficio
962 2407 1050 2481 dum
1071 2405 1122 2477 M.
1141 2403 1186 2475 V.
1206 2399 1312 2476 alteri

227 2511 394 2606 laudem,
419 2515 646 2615 gloriamque
673 2514 808 2588 deferri
830 2515 965 2607 voluit,
994 2512 1063 2588 sibi
1080 2524 1182 2582 recte
1198 2505 1313 2608 pluri·
1338 2530 1341 2535 ·

186 2635 190 2641 ·
225 2644 326 2692 mum
356 2620 565 2694 cumulavit.
593 2623 789 2722 Reputavit
808 2645 913 2715 sane,
940 2619 980 2694 S.
998 2619 1184 2715 Princeps,
1203 2615 1243 2689 t'n
1260 2634 1313 2684 ets

225 2723 337 2803 rebus
358 2750 532 2826 personae
552 2753 635 2800 suae
656 2730 769 2830 magis
791 2754 902 2829 quam
921 2725 1133 2800 meritorum
1143 2742 1314 2794 meorum

225 2846 453 2931 respectum,
481 2835 735 2935 rationemque
752 2834 998 2925 intervenisse,
1021 2854 1134 2933 quum
1148 2849 1198 2900 so
1231 2850 1313 2900 mu·

226 2961 314 3038 nere
329 2963 415 3012 ‘non
440 2938 541 3040 quod
559 2943 780 3044 accipiente,
805 2938 870 3014 sed
892 2936 994 3041 quod
1017 2936 1146 3009 datore
1167 2929 1316 3034 dignum

227 3058 329 3137 erat,
354 3050 573 3150 acceperim.
610 3050 738 3150 Itaque
766 3063 983 3149 praeventus
1013 3042 1176 3130 bonore,
1203 3034 1315 3114 statui

226 3149 446 3248 gratitudine
467 3158 572 3255 sequi
593 3172 631 3228 et
647 3158 785 3228 utinam
797 3157 847 3226 ita
869 3151 1026 3253 obsequi
1036 3172 1193 3252 possem,
1214 3159 1258 3219 ut
1274 3165 1319 3243 req

230 3256 299 3331 bus
319 3259 457 3357 potius,
487 3288 600 3360 quam
622 3263 742 3336 verbis
764 3260 814 3335 ed·
833 3258 988 3362 agendas
1011 3256 1140 3360 gratias
1162 3250 1316 3323 idoneus

128 3376 151 3472 ‘J
225 3362 424 3438 iudicares.
446 3366 554 3439 Nunc
573 3394 662 3442 vero
681 3385 851 3441 uturum
871 3365 1191 3466 praecipuumque,
1214 3349 1316 3457 quud

228 3495 396 3575 possum,
436 3488 478 3544 ut
507 3491 596 3573 pote
623 3472 806 3566 debitum,
839 3473 1175 3574 obligationemque
1199 3486 1317 3537 meam

215 3574 470 3668 ¹cummend03
496 3583 709 3679 praesertim
728 3606 841 3680 quum
854 3578 1032 3678 deinceps
1051 3592 1087 3647 et
1106 3570 1193 3648 milri
1208 3572 1245 3642 in
1265 3568 1319 3640 eis

231 3680 360 3772 rebus,
381 3681 427 3755 ad
444 3709 533 3783 quas
552 3687 622 3757 iam
642 3714 712 3788 pro
734 3687 890 3759 utilitate
907 3682 1133 3787 reipublicae
1156 3675 1319 3750 christia-

229 3812 314 3877 nae,
339 3784 553 3891 honoreque
573 3794 776 3865 serenitatis
796 3808 932 3866 vestrae
950 3791 1092 3875 enitor,
1121 3783 1167 3856 ad
1188 3807 1320 3884 exper-

232 3907 304 3965 tam
329 3895 630 3995 magnificentiam
653 3902 787 4002 regiam
808 3914 926 3970 tutum
950 3896 1133 3995 refugium
1154 3890 1321 3963 oblatum

233 3999 278 4071 iri
304 4025 380 4091 uon
408 3998 587 4107 dubitem.
634 4006 829 4081 Caeterum
858 4004 1007 4079 absente
1034 4001 1075 4072 C.
1107 3995 1319 4097 Stephano,
