2708 4568
1039 176 1041 186 ¹
1078 205 1158 272 aar

68 403 223 504 -goedias
246 406 308 481 rix
322 431 491 508 superare
508 378 646 505 potuit}
672 400 782 477 rediit
794 405 995 487 'Vienna'in
1009 407 1155 509 Hungaf
1194 460 1196 475 .

79 511 173 583 riam
192 527 228 584 et
249 509 380 584 Albam
398 511 575 585 Graecam
601 509 765 602 veniens,
800 512 952 613 vestigia
966 508 1078 585 hostis
1099 513 1155 587 fu·

74 617 209 714 -gientis
234 616 427 718 spectavit,
464 612 528 689 ubi
546 613 662 690 Vlrici
679 616 830 689 Comitis
856 617 988 709 Ciliae,
1015 619 1160 721 antiqui.
1271 618 1286 685 f

79 722 191 796 bostis
218 740 255 795 et
279 722 708 813 aemulatorisssorviuae
732 718 881 814 domus,
903 730 1155 824 provocantis,

79 828 211 905 caesia
229 826 393 902 Ladislao
409 827 558 901 loannis
575 826 726 901 Corvini
747 818 825 924 filio
841 845 1054 929 provocato,
1076 855 1158 905 cae·
1220 836 1222 845 ’

80 934 162 1009 dem
187 950 349 1035 spectare
377 935 528 1025 invitus,
564 929 726 1005 adhibita
752 931 1004 1007 moderatione
1030 939 1159 1049 animi,

16 1132 22 1139 ι
80 1038 218 1120 debuit.
246 1040 384 1117 Verum
404 1037 535 1114 deinde
559 1036 791 1113 incitantibus
810 1039 1001 1141 plurisque
1015 1044 1161 1117 virtutis
1189 1057 1204 1084 ³

81 1147 274 1241 Coruinae
291 1143 426 1223 invidis·
450 1141 782 1237 obtrectatoribus,
816 1151 1015 1248 praecipue
1038 1147 1162 1224 Ladis·

80 1253 138 1328 lao
157 1253 254 1327 Gara
272 1251 456 1343 Palatino,
484 1242 700 1344 obliterata,
716 1275 803 1352 prae
821 1249 1021 1355 cupiditate
1045 1254 1163 1329 vindi·
1213 1349 1217 1356 ¹

81 1375 180 1448 ctae,
210 1357 425 1430 meritorum
445 1357 597 1459 Corvini
615 1358 817 1453 memoria,
830 1361 876 1431 'et
896 1360 1082 1459 promissis
1106 1387 1163 1435 sa·

27 1497 29 1503 ·
80 1458 268 1539 eramento
288 1460 438 1536 firmatis
458 1461 620 1556 violatis,
661 1459 846 1536 Ladislaus
871 1465 988 1564 capite
1009 1466 1162 1540 mulcta·
1273 1458 1279 1474 ’

80 1587 145 1643 tus.
174 1567 315 1642 Scribit
333 1569 590 1660 Commineus²
616 1565 700 1642 ideo
718 1569 870 1641 Corvini
894 1567 985 1643 filios
1003 1598 1025 1642 a
1039 1572 1164 1647 Ladis·

77 1676 137 1751 laos
153 1672 299 1777 indigne
322 1671 488 1766 habitos,
532 1670 634 1773 quod
661 1689 764 1771 pater
786 1673 950 1771 ipsorum
977 1675 1166 1755 lohannes

79 1778 288 1881 Hunyades,
307 1777 475 1852 Ladislao
491 1775 642 1877 parurlo
661 1777 857 1869 existente,
876 1804 1043 1881 magnam
1062 1810 1164 1860 usur·

78 1888 174 1991 parit
197 1885 417 1986 potentiam,
438 1899 475 1955 et
491 1906 686 1984 generosos
704 1898 854 1984 generet
871 1885 1036 1985 spiritus,
1067 1889 1162 1962 unde

78 1986 312 2068 metuendum
330 2003 514 2091 'putasset‚
542 1984 744 2080 LadislaUS,
772 2014 822 2065 ne
842 1985 910 2063 filii.
932 1984 979 2063 ad
994 2010 1162 2070 naturam
1280 2078 1284 2095 Ι

78 2099 189 2202 patris
208 2092 439 2188 accederent,
466 2093 651 2196 ipsiusque
676 2093 827 2196 vestigia
846 2099 984 2190 secuti,
1013 2125 1165 2203 regnum

78 2203 148 2280 sibi
165 2202 306 2305 eripere
327 2215 527 2275 tentarent,
540 2201 696 2301 Propter
713 2196 785 2275 boc
807 2199 900 2275 alter
919 2200 1068 2306 quoque
1085 2207 1164 2293 Ma,-
1246 2194 1251 2207 ’

79 2308 170 2387 tbias
184 2311 336 2407 Pragam
354 2308 394 2380 in
410 2303 618 2383 custodiam
630 2308 758 2379 missus
776 2303 856 2380 fuit.
885 2310 988 2398 Quae
1008 2338 1068 2386 res
1088 2340 1163 2389 ma-

17 2464 21 2470 ·
77 2443 186 2520 gnam
208 2417 414 2488 animorum
436 2438 557 2515 arege
575 2411 830 2487 alienationem
844 2417 998 2514 peperit.
1028 2457 1082 2472 -
1107 2424 1161 2507 Ita

78 2549 221 2626 semper
238 2520 382 2595 virtutis
408 2514 606 2594 etbumani
623 2516 760 2592 fatoris
781 2516 970 2605 dividuum
986 2520 1056 2596 fuit
1074 2551 1162 2603 eon·

78 2628 307 2720 tubernium,
335 2641 377 2700 ut
400 2619 532 2727 paucas
552 2622 706 2703 familias
723 2624 915 2726 insignesa
934 2629 1066 2704 virtute
1083 2633 1162 2710 illu·
1184 2721 1186 2727 ¹

78 2752 168 2810 stres
200 2734 358 2836 antiquis
391 2749 428 2805 et
452 2730 584 2806 nostris
618 2729 849 2834 temporibus
878 2730 1007 2809 videre
1031 2736 1158 2834 liceat,
1226 2802 1229 2806 .

31 2866 170 2943 mquae
190 2838 295 2914 brevi
313 2838 430 2940 spatio
448 2852 639 2938 expertae,
655 2862 732 2919 non
750 2839 825 2909 sint
840 2842 1055 2926 accerrimus
1074 2870 1165 2923 cum·
1246 2928 1251 2934 ,
1326 2825 1329 2831 ’

76 2948 204 3023 vicinis
220 2945 426 3036 inimicitias
434 2998 444 3035 ‚
472 2968 638 3044 magnam
654 2939 847 3038 invidiam,
863 2948 1158 3046 periculosorum

75 3054 307 3143 inimieorum
331 3049 522 3124 malitiam}
548 3074 632 3120 nam
648 3047 763 3120 virtus
789 3063 826 3121 et
849 3049 1002 3152 dignitas
1027 3057 1064 3127 in
1089 3055 1154 3132 bo-

76 3159 171 3234 mine
197 3158 344 3234 titiones
362 3171 465 3248 sunt,
481 3151 529 3228 ad
543 3149 827 3228 'accendendum
843 3156 881 3227 in
898 3155 1081 3274 plerisque
1099 3164 1154 3237 in·

75 3264 198 3340 vidiae.
214 3261 381 3366 ignem.“¹
401 3264 459 3339 De
481 3284 578 3334 mon.
598 3275 636 3332 et
651 3284 727 3333 eor.
745 3258 834 3360 Reg.
850 3262 971 3364 Hung.
989 3284 1087 3342 cont.
1104 3269 1149 3342 V.

74 3370 277 3446 Clarissima
292 3394 362 3444 rex
376 3364 534 3441 Galliae:
564 3362 911 3459 „christianissimus
928 3371 1164 3450 Francorum·
1213 3363 1215 3367 ¹

10 3551 12 3560 ,
69 3479 154 3553 Rex
181 3503 228 3549 ex
255 3475 399 3566 multis,
436 3474 730 3577 potissimum
764 3471 1077 3572 Alemanniis,
1105 3479 1173 3555 de»

18 3582 38 3605 ⁸
68 3583 297 3657 serenissimo
319 3579 479 3654 Domino
497 3603 582 3682 rege
590 3575 744 3674 (Mathia
753 3577 931 3674 Corvino)
949 3580 1151 3686 obloquen-

71 3688 169 3763 tibus
186 3726 236 3740 -
262 3683 517 3789 notabilesque
542 3684 709 3759 infamias
737 3700 864 3759 contra
885 3686 1003 3789 ipsum
1028 3717 1071 3764 ac
1087 3719 1150 3793 ge·

70 3797 200 3870 nitoris
219 3793 274 3867 sui
289 3817 443 3885 nomen,
463 3791 593 3891 tuique
605 3789 907 3879 diffundentibus,
925 3819 1028 3867 aures
1046 3798 1147 3872 nullo

70 3900 183 3977 modo
210 3895 395 3987 adhibuit,
434 3899 639 4002 meritoque
666 3896 792 3973 debuit
822 3898 992 4001 priueeps
1027 3917 1145 3981 tantus

34 4121 37 4128 ἢ
123 4002 369 4108 Hunyadiana.
903 4012 975 4080 2¹2·
1001 4109 1005 4116 ι
