2708 4568
943 230 955 297 ,⁴
1034 217 1036 224 ,

210 284 287 375 'r'os

208 486 382 605 ‘etoperc
406 499 588 597 adhibito,
623 520 749 585 curem
781 488 973 575 inbuimur
1005 491 1287 578 rciernnd'orum

210 603 379 685 taborum
400 625 437 685 et
452 605 649 685 servandae
665 605 788 680 salutis
805 602 1027 706 reipublicae
1043 605 1146 708 regni
1162 603 1287 704 iliius,

209 728 286 788 tum
303 715 388 817 quin
405 713 630 819 iilud‘'prima
652 724 692 788 et
701 711 937 816 principalior
952 725 1076 785 nostra
1091 724 1145 785 est
1159 706 1288 784 haere·

208 816 321 913 ditus,
359 837 437 894 tum
458 822 547 898 ver'o
567 819 741 924 quoniam
761 832 859 891 terra
876 816 935 891 iila
956 816 1069 919 longis
1091 818 1183 910 iam,
1211 840 1288 920 pro

209 924 393 1000 vicinitste
411 925 505 1019 loci,
530 912 776 1000 barbarorum
792 921 982 997 insultibus
1000 921 1145 1024 fatigato
1161 919 1287 996 defen*

81 1036 97 1062 ’“
208 1031 303 1106 soris
318 1028 620 1137 dextrs'amplius
641 1044 730 1135 eget
753 1026 882 1130 ‘Itaque
905 1043 947 1102 nt
967 1028 1055 1127 nlius
1069 1044 1214 1116 nostrae
1230 1024 1287 1103 di-

210 1132 380 1243 ligentiae
403 1162 473 1242 pro
498 1163 538 1212 ec
557 1161 599 1211 re
619 1135 718 1211 datas
736 1156 863 1238 operas
885 1135 1003 1210 missis
1018 1158 1142 1238 ¹nuper
1160 1150 1286 1208 orato·

135 1334 140 1341 ⁴
207 1242 310 1319 ribus
328 1246 460 1318 nostris
479 1242 526 1317 ad
548 1241 710 1337 dietam,
723 1243 821 1316 circa
838 1241 1075 1343 praeteritum
1089 1239 1222 1315 festum
1242 1239 1284 1314 Β.

207 1345 392 1423 Michaelis
411 1346 630 1453 Archangeli
648 1345 905 1423 Frankfordiae
922 1343 1162 1440 celebratam,
1181 1348 1285 1421 Prin·

208 1455 307 1556 cipes
332 1454 539 1529 Aiemcnise
567 1468 605 1530 et
630 1453 743 1548 alios,
778 1477 936 1557 quorum
962 1477 1008 1526 eo
1036 1453 1110 1528 loci
1134 1475 1286 1556 magnus

207 1558 417 1635 Conventus
432 1556 576 1635 habitos
592 1575 658 1653 est,
677 1559 831 1665 aggressi
846 1556 980 1633 fuimus
995 1584 1064 1661 pro
1081 1556 1289 1635 obtinendo

206 1686 380 1742 succursu
407 1681 536 1742 contra
561 1681 704 1769 gentem
727 1667 956 1759 Turcorum,
996 1678 1153 1773 quorum
1169 1690 1285 1767 prae·

107 1856 111 1862 ,
205 1771 338 1849 mmtio
363 1772 642 1876 praeteritorum
670 1769 914 1876 quarumdam
931 1771 1184 1863 victoriarum,
1213 1769 1284 1845 sed

205 1890 247 1952 et
261 1900 393 1970 nomeu
413 1874 665 1971 christianum,
702 1879 932 1980 quantumin
958 1902 1001 1951 ea
1018 1878 1127 1962 ctiam
1145 1878 1282 1957 exstin-

204 1983 399 2084 guendum,
429 2001 543 2088 putat
587 1984 661 2074 Qui
687 2000 809 2058 autem
835 1986 906 2057 ism
928 1984 1122 2060 novissime
1145 1998 1283 2059 remea·

204 2104 290 2165 rum
310 2087 358 2163 sd
377 2114 445 2163 nos
457 2108 622 2164 oratores
641 2093 758 2166 nostri
777 2089 939 2165 votivum
956 2086 1113 2165 serentes
1132 2115 1282 2193 respon·

120 2230 121 2233 ¹
179 2210 302 2289 '‘sum3
329 2193 431 2297 quod
452 2184 622 2271 videlicit
642 2197 714 2299 ipsi
732 2196 941 2270 Alemanise
962 2196 1078 2270 etalii
1095 2196 1283 2297 Principes

204 2300 459 2404 suprascripti,
490 2301 611 2388 denuo
638 2303 677 2374 in
705 2327 785 2376 eam
813 2309 891 2376 rem
917 2301 1169 2376 universaliter
1192 2329 1281 2376 con·
1322 2309 1329 2318 '

203 2403 355 2498 cordes,
381 2426 494 2482 ‘more
518 2407 695 2511 generalis
718 2408 870 2509 passagii-
885 2405 931 2480 cd
947 2433 1012 2481 rer
1030 2407 1193 2481 futurum
1216 2434 1281 2482 seu

130 2553 133 2557 ·
202 2511 424 2615 principium
446 2513 588 2603 certatis
615 2529 787 2606 venturae
816 2529 944 2586 contra
970 2515 1126 2588 Turcos
1138 2512 1281 2615 praedi·

203 2631 283 2690 ctos
300 2643 425 2719 magna
444 2635 482 2707 ct
505 2615 612 2691 dictis
635 2610 770 2692 nostris
790 2614 1001 2694 oratoribus
1019 2641 1188 2722 expressa
1211 2646 1280 2721 po-

185 2721 314 2794 ¹tentio
331 2720 445 2796 nobis
468 2748 683 2798 succurrere
706 2739 744 2798 et
764 2723 959 2800 nobiscum
978 2750 1197 2801 concurrere
1217 2725 1283 2802 fir·

172 2832 177 2844 ⁴
201 2827 309 2901 miter
332 2829 589 2933 promiserint,
624 2830 786 2906 volentes
809 2840 983 2929 tomen'et
1002 2835 1178 2908 cnostris
1197 2856 1280 2908 orn·

202 2931 343 3008 toribus
362 2927 563 3037 exigentes,
591 2949 633 3009 ut
654 2952 785 3038 quarto
803 2934 946 3012 decimo
964 2934 1024 3011 die
1044 2936 1127 3012 festi
1150 2931 1279 3045 purifi·

99 3132 101 3138 ,
200 3037 356 3127 cationis*
372 3038 409 3114 B.
428 3041 565 3117 Mariae
593 3042 750 3147 Virginis
773 3045 941 3145 proxime
964 3041 1143 3138 affuturo,
1180 3043 1280 3151 opud

199 3142 462 3233 serenissimum
485 3148 691 3251 Principem
718 3150 915 3250 Dominum
938 3148 1166 3233 Fridericum
1180 3138 1278 3255 imp.

95 3337 99 3346 ι
144 3255 160 3345 ψ’
199 3251 466 3347 Romanorum,
485 3251 608 3350 *buiris
635 3249 776 3329 scilicet
801 3257 949 3358 nogocii
971 3255 1110 3329 bonum
1127 3282 1280 3359 promo·

199 3370 338 3450 torem,
373 3356 438 3432 ubi
466 3374 554 3432 tunc
577 3375 748 3437 oratores
771 3366 932 3439 omnium
949 3363 1179 3464 Principum,
1207 3389 1280 3467 pro

197 3458 265 3533 hac
285 3489 326 3536 re
344 3462 564 3558 intererunt,
602 3471 756 3573 uterque
778 3465 1014 3543 Gubernator
1035 3490 1124 3543 'cum
1150 3468 1278 3572 aliqui·

109 3660 118 3671 ⁸
195 3561 264 3638 bus
293 3567 368 3641 aliis
393 3567 618 3644 notabilibus
646 3570 692 3646 de
721 3587 879 3672 utroque
903 3599 1018 3678 regno
1036 3591 1165 3651 nostro
1187 3600 1279 3649 con·

195 3671 297 3746 stitui
318 3671 492 3770 debeant,
526 3700 610 3749 cum
638 3678 744 3781 plena
769 3678 1026 3755 informatione
1047 3680 1085 3754 et
1105 3679 1278 3755 mandato

195 3778 358 3853 omnium
376 3776 554 3874 restrum,
574 3785 638 3884 qui
656 3809 693 3859 se
714 3800 841 3881 mutuo
860 3796 942 3862 cu'm
962 3787 1047 3892 ipsis
1067 3785 1279 3860 oratoribus

194 3882 406 3990 Principum
428 3887 644 3991 intelligere,
672 3890 797 3992 eisque
818 3888 865 3964 de
881 3895 1046 3995 potentia
1065 3906 1106 3967 et
1122 3891 1277 3967 faculta-

84 3990 87 4001 '
194 3985 317 4086 tibus,
360 3993 544 4097 signanter
574 3996 674 4102 regui
698 3995 815 4072 nostri
839 3995 1063 4105 Hungarice,
1099 4023 1276 4104 expresso
