2708 4568
1141 299 1214 365 111

132 492 232 569 dabit
250 491 427 566 inimicm
444 512 547 566 meus
567 512 677 591 super
697 517 765 566 me.
794 491 904 590 Plura
925 519 1036 598 super
1055 492 1111 571 his
1128 500 1220 572 rela·
1293 468 1301 485 ⁵

130 617 232 675 turus
254 613 368 674 estet
389 595 580 670 oblatiuus
599 623 645 670 ex
664 614 770 701 parte
787 600 859 673 mei
878 601 967 676 Ven.
984 602 1022 674 P.
1045 602 1218 681 Nicolaus

127 708 323 798 Decanus,
342 705 501 787 Curator
516 699 625 774 huius
646 707 819 800 muneris,
836 707 936 780 cuius
951 734 1090 809 parere,
1107 737 1220 812 quam

128 811 285 890 modum
303 808 392 886 dare
410 808 673 904 informationi,
693 813 803 914 magis
823 812 934 886 soleo.
950 815 1149 891 conservet
1166 817 1218 889 al-

129 920 288 993 tissimus
308 916 348 992 S.
367 916 412 991 V.
430 914 584 989 feliciter
610 932 646 986 et
667 933 794 990 nostro
824 918 1054 1018 opitulamini
1077 937 1114 995 et
1134 950 1217 998 suae
1318 998 1322 1005 ,

127 1042 277 1100 sanctae
296 1022 471 1097 ecclesiae
494 1020 680 1122 regimini,
709 1024 808 1095 iuxta
828 1041 921 1098 vota.
964 1027 1059 1100 Data
1075 1028 1216 1123 Eudae,

129 1131 333 1234 penultima
361 1127 421 1202 die
444 1128 578 1202 mensis
598 1125 705 1221 Maii,
728 1128 836 1201 Anno
855 1131 1006 1204 Domini
1023 1134 1218 1209 Millesimo

129 1235 428 1312 CCCCXLVIII.
478 1291 481 1298 ,

173 1385 291 1450 lbidem
316 1388 402 1472 epist.
421 1388 474 1449 33.
506 1393 594 1450 Hanc
620 1388 650 1449 in
671 1409 735 1450 rem
756 1387 872 1450 notavit
888 1387 1075 1452 vaniohius:
1105 1367 1217 1468 „Post-
1293 1398 1296 1403 “

225 1511 323 1572 quam
342 1491 397 1553 iste
412 1489 564 1552 Dominus
572 1489 713 1558 Nicolaus
729 1493 808 1572 Papa
829 1498 978 1552 assumtus
997 1497 1044 1554 est
1062 1491 1103 1554 sd
1122 1514 1218 1580 paps-

232 1601 314 1669 tum,
336 1591 484 1654 Dominus
501 1591 697 1654 Gubernator
714 1612 751 1653 ac
774 1592 900 1654 Praeloti
918 1601 951 1654 et
971 1597 1104 1658 Berones
1127 1596 1218 1660 ωἰεε·

236 1705 306 1758 rant
320 1694 484 1758 Dominum
500 1693 677 1768 Nicolaum,
700 1697 853 1755 Doeanum
868 1694 1112 1768 Crocoviensem,
1141 1707 1215 1760 tunc

177 1867 179 1871 Α
214 1805 469 1876 ⁸commorantem
497 1796 529 1856 in
554 1796 723 1880 Hungaria,
749 1787 789 1855 ad
811 1793 913 1857 sedem
933 1796 1146 1879 apostolicam,
1174 1797 1215 1860 ad

229 1897 443 1985 praestandum
464 1890 669 1959 obedientiam
685 1895 816 1957 Domino
834 1899 890 1957 ΡΡ.
901 1907 932 1958 et
949 1896 989 1958 ad
1005 1900 1216 1982 congratulan-

226 2002 303 2065 dum
320 2000 417 2064 eidem
432 1999 470 2061 (le
485 1998 645 2062 vocatione
661 1996 701 2058 od
722 1994 782 2057 hoc
802 1995 1010 2060 ministerium.
1034 2001 1091 2078 Qui
1106 2002 1216 2065 abinde

160 2133 161 2136 ¹
228 2124 366 2166 reversus
380 2111 592 2186 reportaverat
616 2101 710 2162 mults
726 2096 856 2181 pulchra
871 2098 983 2173 verba,
1004 2109 1035 2161 et
1054 2102 1215 2184 quamdam

228 2208 316 2268 etiam
337 2204 564 2290 promissionem
586 2203 624 2265 de
644 2195 779 2264 subsidio
801 2195 1076 2263 contra‘Tureosf‘
1095 2230 1137 2246 -
1156 2200 1221 2265 lbi..
1301 2252 1305 2258 .

228 2308 296 2371 dom
318 2331 386 2395 prag·
402 2305 451 2369 5⁰.

568 2474 780 2549 XXXVIII.

135 2598 219 2665 Idem
234 2601 435 2680 Gubernator
460 2601 619 2683 egregium
645 2599 723 2676 Vojk
751 2595 790 2658 de
807 2595 948 2658 Cholnol·
963 2599 1106 2679 fratrem
1124 2620 1215 2663 tuum

226 2695 498 2765 condivisionalem
519 2703 720 2782 recognoscit.
744 2701 805 2760 An·
826 2699 920 2766 1448.

225 2828 384 2901 loannes
411 2822 456 2896 de
475 2818 650 2922 Hunyad‚
677 2821 783 2924 regni
797 2820 1003 2923 Hungarise
1021 2823 1215 2899 Guberna-

130 2953 211 3028 tor,
238 2930 414 3007 universis
439 2944 475 3002 et
491 2928 646 3030 cingulis
663 2926 830 3000 Dominis
851 2927 1040 3018 Praelatis,
1066 2913 1228 3027 Baronif

132 3041 220 3133 buo,
256 3032 460 3135 Comitibus
490 3035 673 3135 signanter
699 3047 821 3103 autem
844 3031 881 3102 in
908 3032 1031 3105 castris
1055 3033 1215 3136 Hunyad

129 3165 167 3223 et
182 3149 318 3248 Hatzeg
342 3141 550 3215 constitutis
572 3137 790 3227 castellanis,
820 3136 1038 3238 alteriusque
1056 3143 1212 3214 cuiusvis
1283 3135 1286 3141 ’

132 3244 240 3327 status
253 3268 297 3341 ¹et
313 3246 617 3352 praeeminentiae
633 3240 858 3335 hominibus,
881 3260 1083 3342 praesentes
1106 3243 1214 3319 hasco

131 3376 270 3433 nostras
286 3355 433 3446 visuris,
462 3352 614 3426 salutem
635 3375 718 3422 cum
742 3347 876 3423 lavore.
909 3388 954 3403 —-·
984 3349 1086 3441 Dicit
1105 3350 1212 3424 nobis

129 3487 293 3567 egregrus
308 3459 404 3535 Voik
425 3457 470 3534 de
489 3454 674 3548 Chionol,
703 3454 817 3528 frater
847 3470 973 3529 noster
993 3452 1214 3530 condivisio·

127 3572 241 3662 nolis.
254 3569 291 3640 in
309 3593 373 3640 sua
383 3583 429 3643 ¹et
445 3563 601 3638 Ladislai
619 3579 655 3634 et
671 3556 858 3654 Sandrini,
874 3559 1034 3634 filiorum
1051 3586 1212 3659 suorum,

128 3704 197 3751 nec
219 3699 297 3750 non
313 3674 395 3773 Dan
408 3669 477 3744 'filii
487 3672 508 3742 J
511 3660 635 3761 aninlo,
657 3667 703 3741 de
717 3667 821 3770 plicto
842 3665 1020 3757 Chionol,
1032 3671 1213 3769 personis,

129 3777 322 3886 quomodo
345 3777 554 3882 complures
576 3772 860 3848 forentNobilcs
877 3789 914 3847 et
924 3773 1126 3868 castellani,
1147 3779 1211 3876 qui

126 3892 228 3994 ipsos
258 3888 296 3959 in
318 3883 469 3959 diversis
501 3881 676 3974 servitiis,
712 3876 837 3974 datiis,
867 3876 1028 3953 collectis
1056 3896 1093 3954 et
1108 3906 1212 3956 exer-

127 3991 322 4099 citimlibus
353 3984 650 4094 expeditionibus
674 3983 828 4060 nimium
851 4000 1121 4091 affirmassent,
1152 3980 1212 4095 ⁰8⁴
