2708 4568
190 290 270 405 aas

188 508 372 607 nimran
383 505 722 603 sanctimonialium,
740 501 788 597 da
802 501 981 589 omnium
996 503 1278 606 maeeuuprae·

190 612 296 695 dictis
322 610 509 695 carnifices
531 639 598 691 seu
614 608 1037 708 carniumrenditoras,
1066 635 1196 687 census
1210 637 1279 703 an·

190 720 339 813 nualas,
370 721 409 794 in
426 718 531 795 dietis
556 720 684 799 litteris
707 718 866 818 ipsarum
894 713 1125 793 dominarum
1145 718 1282 793 sancti·

190 826 401 907 monialium
424 823 616 927 superinde
643 824 839 916 consectis,
877 821 1067 921 manifeste
1088 847 1282 926 expressa·

192 951 250 1009 tos
266 932 408 1009 solvere
428 933 654 1036 obligantur,
682 958 754 1034 pro
773 955 818 1003 co
839 929 946 1031 digne
973 931 1137 1032 iusteque
1156 947 1194 1005 at
1221 956 1283 1003 ra-

192 1037 435 1131 tionabiliter,
456 1058 508 1115 nc
526 1036 645 1124 dictae
670 1037 840 1127 dominae
858 1037 1146 1112 sanctimoniales
1163 1039 1201 1108 in
1221 1061 1280 1113 ea·

195 1172 284 1233 rum,
296 1143 673 1248 ecclesiapraedicta,
695 1143 898 1235 ,suis-iustis.
911 1141 1052 1217 iuribus
1068 1141 1285 1231 fraudentur

88 1328 92 1347 ,
192 1248 483 1357 quaequomodo,
514 1248 682 1341 duximus
696 1245 994 1341 recensendum,
1023 1266 1201 1349 quatenus
1226 1247 1284 1323 di·
1329 1319 1332 1324 .

192 1375 294 1438 ctum
323 1356 516 1443 macellum
540 1359 729 1460 proprium
752 1358 914 1457 ipsarum
938 1353 1171 1449 dominarum
1196 1380 1286 1449 san-

194 1462 497 1552 etimonialium,¹
514 1461 552 1533 in
583 1463 654 1533 situ
681 1460 848 1545 adiacens
874 1454 911 1532 at
937 1459 1087 1557 ordine,
1114 1458 1286 1541 videlicet

76 1581 80 1588 '
193 1568 339 1661 uriaco
359 1568 500 1669 priori,
537 1567 577 1640 in
595 1591 680 1668 quo
702 1560 901 1657 existebat,
938 1566 1024 1640 loco
1043 1571 1083 1642 in
1101 1565 1309 1642 modarnc‘

193 1672 234 1752 'et
259 1673 305 1747 de
325 1678 435 1747 novo
447 1673 591 1746 locatur
608 1689 645 1746 et
672 1663 864 1746 ordinetur
881 1686 918 1743 et
939 1674 1113 1767 situatur,
1141 1698 1307 1748 omnes·

88 1790 91 1797 '
192 1807 266 1886 que
284 1788 496 1882 prouentus,
511 1777 681 1853 videlicet
701 1780 774 1855 tria
791 1781 997 1851 centenaria
1013 1779 1058 1854 de
1076 1779 1163 1878 sebo
1181 1779 1284 1852 bono

194 1905 232 1963 et
248 1888 337 1961 alios
355 1884 495 1960 reditus
513 1884 559 1958 ab
578 1886 731 1986 antiquo
746 1883 829 1986 ¹dari
849 1885 997 1976 solitOS,
1027 1904 1100 1959 tam
1118 1885 1163 1960 de
1182 1885 1284 1960 dicto

193 1994 346 2098 proprio
374 1989 528 2065 macello
556 2016 701 2086 earum,
729 2018 840 2093 quam
862 1989 908 2064 da
922 1991 1011 2067 'aliis
1033 1985 1194 2068 micallis
1212 1991 1284 2092 ipsi

194 2097 382 2175 carnifices
400 2120 464 2172 seu
474 2097 684 2173 venditores
698 2101 862 2174 carnium
879 2098 981 2171 iuxta
1001 2115 1174 2174 contenta
1182 2122 1287 2203 prae·

168 2264 173 2272 -
194 2209 413 2310 scriptarum
434 2203 641 2279 litterarum
666 2224 704 2279 et
729 2204 944 2278 litteralium
960 2207 1286 2292 instrumentorum

194 2314 357 2415 ipsarum
383 2309 600 2389 dominabus
631 2310 966 2390 sanctimonialibus
986 2312 1210 2387 'et'claustro
1228 2336 1287 2386 aa·

196 2445 280 2501 rum
307 2415 516 2519 praedicto,
544 2416 652 2520 plene
670 2420 809 2520 integre
839 2432 875 2489 et
901 2417 977 2490 siue
1004 2417 1152 2492 defectu
1172 2417 1286 2492 veluti

196 2541 302 2598 antea
321 2522 479 2606 reddere
499 2524 736 2616 tenebantur,
765 2520 943 2616 reddant,
966 2525 1166 2607 solvantet
1184 2523 1287 2599 resti·

197 2645 321 2722 tuant,
343 2629 561 2731 plenorum
583 2628 727 2703 effectu.
767 2627 929 2718 Quodsi
951 2656 1026 2711 non
1046 2629 1200 2705 fecerint
1225 2628 1287 2723 vel

82 2824 86 2830 ¹
196 2735 360 2826 nollent,
396 2735 525 2806 souin
554 2730 762 2810 huiusmodi
790 2758 961 2809 cartsuum
985 2738 1165 2810 solutione
1191 2759 1286 2838 quo·
1314 2821 1317 2828 A

197 2838 414 2944 quomodo,
438 2837 540 2941 quod
561 2839 677 2933 absit,
704 2840 927 2944 negligentes
947 2867 1011 2917 seu
1033 2843 1208 2917 cormorii
1227 2866 1288 2916 re·

197 2947 430 3052 perir-entur,
456 2962 592 3022 extunc
614 2947 719 3023 vobis
740 2944 923 3023 iudicibus
945 2965 982 3022 et
1000 2952 1127 3025 iuratis
1142 2946 1288 3037 ciuibus

198 3051 319 3129 dictae
338 3053 496 3128 civitatis
519 3071 667 3128 nostrae
693 3053 1052 3148 Veteris-Budensis,
1089 3055 1289 3156 praesenti·

104 3204 106 3209 ·
197 3158 267 3251 bus
296 3178 334 3234 et
357 3158 785 3260 futuris„praesentium
806 3161 984 3259 notitiapa¹
999 3160 1198 3255 habituris,
1224 3159 1290 3236 fir·

157 3355 160 3363 ,
199 3268 310 3343 miter
324 3266 609 3359 committimus,
644 3284 820 3368 quatenus
840 3291 905 3340 vos
927 3264 1076 3343 eusdem
1099 3267 1291 3358 carnifices

199 3398 265 3465 seu
283 3369 491 3446 venditores
515 3373 692 3466 carnium,
717 3373 799 3446 vice
822 3387 860 3444 et
879 3376 1029 3447 nomine
1049 3376 1182 3450 nostris
1203 3396 1308 3466 cum-

200 3504 332 3573 eorum
350 3476 488 3554 damnis
509 3477 863 3578 ,etgrnvaminibum
889 3481 925 3553 in
947 3480 1078 3555 talibus
1100 3480 1180 3556 fieri
1198 3480 1290 3556 soli·

138 3647 143 3653 .
201 3589 266 3679 tis,
296 3583 344 3657 ad
365 3586 559 3684 praemissa
576 3582 746 3658 facienda
763 3584 912 3687 singulis
932 3588 1032 3660 annis
1050 3587 1289 3689 compellatis,

116 3764 120 3769 .
201 3706 244 3764 et.
267 3687 420 3779 firmiter
443 3693 640 3767 coerceatis
669 3691 866 3765 autoritate
883 3691 1008 3768 nostra
1026 3686 1137 3786 ¹uobis
1163 3694 1201 3765 in
1218 3690 1292 3768 hac

200 3812 304 3900 parts
323 3794 518 3890 attributa,
547 3813 585 3871 et
604 3799 739 3870 iustitia
768 3794 962 3878 mediante.
991 3833 1046 3856 -·
1072 3799 1187 3875 Secus
1203 3810 1293 3901 'gru-

204 3904 277 3995 tiae
294 3917 439 3985 noemae
460 3902 527 3977 sub
549 3902 704 3989 obtentu
723 3901 849 3978 lacere.
863 3931 939 3979 non
958 3907 1098 3998 ausuri,
1119 3912 1292 4007 praescn-

202 4021 280 4101 ιιι,
314 4005 450 4111 quibus
473 4009 632 4129 sigillum
659 4024 827 4091 nmmum
845 4026 916 4099 cat
940 4037 1170 4117 apprensum,
1201 4025 1293 4115 post
