2708 4568
1092 322 1139 393 51

52 522 88 593 in
106 518 248 613 lorma,
271 547 343 625 per
362 542 429 593 nos
448 518 609 591 Domino
626 514 807 593 cardinali
824 516 919 593 data.
947 518 1141 597 Secundo:

51 624 160 727 (mod
181 624 385 719 habeamus
407 622 545 699 litteras
560 638 723 735 patentes
741 622 904 699 eiusdem
919 628 1070 705 Domini
1086 658 1149 705 re-.

52 736 112 836 gis
125 732 302 807 Poloniae
330 748 574 805 assecurantes
593 746 631 803 et
656 726 919 821 certificantes,
949 732 1053 833 quod
1069 764 1145 811 non

54 840 324 939 compellemur
350 836 397 918 ad
419 837 598 937 sponsalia
623 836 681 913 vel
705 837 980 913 matrimonium
998 858 1145 917 contra·

57 945 247 1038 handum,
276 958 339 1017 aut
355 944 453 1018 alind
470 936 608 1049 aliquid
623 934 850 1035 faciendum,
868 956 1014 1045 praeter
1037 974 1164 1049 spon.

57 1052 205 1126 taneam
220 1048 411 1123 etbonam
426 1042 589 1149 nostrani
607 1048 839 1139 voluntatem,
855 1050 1091 1147 emanandas,
1108 1056 1145 1126 in

59 1159 183 1231 fnrr'na
212 1152 334 1230 eidem
358 1150 730 1229 Dnmtnd'oardinati
753 1151 848 1226 data.
888 1156 1016 1229 Tertio
1045 1159 1146 1261 qnod

59 1260 262 1337 habeamus
275 1262 402 1355 literas,
414 1262 688 1363 assecuratorias
700 1258 844 1333 Nicolai
856 1252 957 1353 Beni,
973 1262 1148 1369 Stephani

61 1370 110 1443 de
128 1366 289 1460 Bdtlaor,
304 1362 354 1441 ''et
374 1362 534 1457 aliorum
554 1363 728 1439 informa
752 1362 835 1437 data
863 1367 1053 1469 praedicto
1070 1374 1150 1455 Do:

61 1476 168 1549 mino
197 1472 387 1549 Cardinall.
424 1464 567 1575 Quibus
593 1470 778 1564 obtentis,
806 1468 895 1547 dum
919 1475 1059 1549 scilicet
1084 1503 1149 1578 per

63 1584 204 1656 litteras
220 1596 269 1655 'et
296 1579 489 1685 corporale
510 1576 759 1673 iuramentum
788 1580 884 1681 regis
907 1581 1080 1655 Poloniae
1110 1598 1149 1656 et

11 1780 13 1785 Ι
64 1688 329 1792 Praelatorum,
355 1680 540 1787 Baronuttt,
555 1708 596 1757 ae
616 1684 805 1789 potiorum
822 1684 1024 1780 Nobilium,
1046 1690 1151 1764 Hun-

64 1796 187 1901 gariae
214 1790 384 1899 ¹videlicet
411 1806 449 1865 et
475 1789 668 1895 Poloniae,
704 1805 847 1891 partem
875 1808 1006 1867 eorum
1023 1811 1150 1869 tenen·
1262 1844 1266 1851 -

65 1904 163 1975 titum
176 1902 286 2001 super
304 1896 508 2003 praemissis
528 1904 749 1970 assecurata'e
771 1912 809 1969 et
830 1896 1051 1975 certificatae
1069 1898 1150 1973 lue·

66 2000 200 2100 rimus,
238 2002 351 2107 orout
385 1996 449 2087 llic,
472 1996 660 2105 pi'a'esente
692 1999 793 2073 dicto
820 2000 983 2078 Domino
1011 2006 1149 2109 Legato

67 2102 274 2203 tramitum,
294 2108 579 2201 condictumest
595 2122 632 2181 et
649 2107 877 2200 conclusum,
905 2106 951 2181 ad
971 2108 1150 2185 decimam

10 2242 19 2265 ²·
67 2208 235 2321 qual-tam
253 2206 607 2319 diempos't'le'slum
621 2213 825 2286 'nativitatis
840 2212 882 2287 B.
904 2212 1044 2288 Mariae
1062 2218 1148 2291 Vir·
1194 2216 1202 2233 '

67 2314 156 2427 ginis
171 2312 342 2429 proiime
363 2322 580 2414 allaturum,
609 2316 743 2421 absque
763 2316 851 2392 dolo
872 2322 1148 2416 constituemur,
1274 2374 1276 2379 -

66 2428 103 2504 iri
122 2428 439 2505 nomine'Domini
454 2430 491 2501 in
506 2442 628 2501 'castro
646 2424 908 2531 strigoniensi,
934 2429 984 2503 ita
1006 2444 1150 2521 umen,
1184 2500 1192 2513 ,

66 2534 172 2639 quod
184 2532 366 2639 praelatus
382 2532 563 2608 Dominus
571 2530 771 2635 cardinalis
789 2549 826 2607 et
842 2532 1015 2612 Nicolaus
1027 2538 1149 2611 Banus

66 2640 297 2717 reseruntur
306 2638 352 2713 ad
369 2638 617 2743 associandam
635 2656 672 2715 et
688 2638 965 2715 conducendam
982 2661 1149 2719 nostram

65 2750 306 2829 Maiestatem.
334 2748 377 2821 ln
394 2748 497 2821 cuim
513 2746 760 2841 testimonium
779 2766 987 2849 praesentes
1003 2767 1148 2825 nostras

67 2856 227 2945 litteras,
256 2868 403 2945 uostr0,
435 2850 670 2954 eiusdemque
696 2852 848 2926 Domini
869 2854 1018 2958 Legati,
1060 2860 1149 2931 item

66 2957 359 3037 reverendissimi
393 2961 432 3033 in
456 2958 603 3032 Christo
628 2960 763 3049 Patris,
803 2958 953 3032 Domini
978 2960 1148 3062 Dionysii

66 3064 290 3156 cardinalis,
329 3056 608 3171 Arcliiepiscopi
633 3064 911 3163 strigoniensis,
943 3090 985 3138 ac
1011 3093 1149 3141 memo·

66 3177 134 3247 rati
151 3170 299 3247 Nicolai
313 3172 403 3245 Bani
419 3187 457 3245 et
470 3170 646 3273 Stephani
666 3167 711 3240 de
728 3166 885 3260 Bithor,
914 3172 1039 3273 sigillis
1059 3200 1147 3247 con-

66 3282 239 3384 signatas,
271 3276 440 3377 duximus
466 3273 729 3364 concedendas.
763 3276 903 3351 Datum
920 3277 1071 3351 Posonii
1094 3276 1149 3351 fe·

65 3388 118 3459 ria
140 3402 270 3487 quarta
290 3384 457 3488 proxima
476 3400 559 3475 ante
584 3380 718 3459 festum
743 3383 782 3455 Β.
800 3382 986 3457 Laurentii
1007 3385 1147 3485 Marty-

66 3495 135 3567 ri's..
152 3494 265 3589 Anno
281 3484 433 3595 Domini
450 3488 628 3613 MCDCC.
648 3488 763 3562 XLlI.
834 3593 837 3599 ι

102 3644 149 3723 tt'x
163 3657 291 3721 areltiro
312 3676 453 3717 caneres
465 3653 551 3737 regio
569 3652 683 3715 audeo.
712 3648 792 3737 Pray
808 3660 964 3739 syntagm·
981 3677 1012 3739 p·
1033 3656 1149 3717 94-6.

131 3832 135 3839 ,
154 3758 331 3825 utinhettn
352 3780 423 3821 mox
442 3769 517 3842 post
540 3758 799 3841 auum'Strigonio
818 3780 967 3821 recessum
985 3760 1149 3835 defuncta,

151 3876 288 3949 regnunt
312 3861 461 3943 integrum
470 3906 482 3937 ,
495 3881 565 3925 oon
583 3860 655 3923 item
670 3869 831 3941 pacatum,
854 3861 989 3945 reliquit.

897 4012 1035 4160 Γ.
