2708 4568
99 280 116 379 j
165 359 168 365 ,
201 276 278 356 ιιι)

34 484 38 491 ’
92 511 125 601 J
201 524 286 575 cum
311 485 462 573 caeteris
491 493 647 570 dominis
673 439 840 597 praelatis
864 504 904 569 'et
926 453 1126 570 baronibus
1149 479 1291 610 paucos

47 671 52 680 .
115 603 116 608 ’
200 620 286 765 post
306 603 382 678 dies
397 601 541 678 remisit
558 608 597 675 in
614 599 876 727 Ηιιιιιςιιίιιιι.ιι
940 628 942 632 ·

306 799 409 877 Idem
429 754 572 872 litterae
600 797 697 901 regis
716 795 869 870 Ladislai
894 798 1060 872 solennes
1088 747 1208 903 palam
1232 799 1293 870 ··l0

205 925 386 1033 quuntur:
422 907 499 1000 „Vt
528 905 639 1011 igitur
666 928 764 1005 erga
776 901 920 978 fidelem
945 921 1131 996 nostrum,
1167 919 1292 1006 grate,

128 1035 131 1041 '
205 1021 351 1094 sincere
371 1013 559 1087 dilectum
567 998 805 1111 spectabilem
819 1026 856 1082 et
869 1009 1100 1135 magnificum
1114 1012 1294 1084 loannem

141 1147 146 1153 ·
205 1122 254 1196 de
278 1109 456 1221 Hunyad,
504 1116 648 1221 pridem
673 1113 779 1188 liuius
808 1120 911 1218 regni
937 1120 1055 1191 nostri
1085 1117 1295 1221 Hungariae

101 1262 106 1275 ·
204 1226 521 1316 Gubernatorem,
548 1239 678 1324 utpote
697 1213 895 1332 magnificis
918 1221 1130 1316 virtutibus,
1158 1223 1294 1322 multo·

206 1360 293 1408 rum
305 1332 499 1406 illustrium
514 1353 669 1432 operum
687 1352 824 1421 nervo,
849 1354 891 1403 ac
907 1331 1055 1433 magnis
1064 1322 1199 1403 meritis
1216 1328 1294 1430 ple·
1296 1347 1298 1352 '

206 1440 295 1512 nuin
317 1454 354 1512 et
365 1451 634 1537 praestantem
662 1436 701 1506 iu
722 1431 840 1507 bonor
831 1461 900 1508 em
918 1452 955 1510 et
975 1435 1188 1538 dignitatem
1208 1462 1294 1537 per-
1329 1500 1332 1507 .

206 1545 309 1648 potui
327 1543 478 1645 Comitis
497 1542 721 1615 Bistrioensis
740 1534 970 1616 sublevatum
992 1559 1028 1616 et
1043 1541 1292 1644 praefectum,

193 1666 261 1707 '·-·
278 1636 426 1754 ceptum
450 1669 614 1722 amorem
644 1659 813 1721 nostrum
842 1647 1018 1753 pluribus
1033 1665 1071 1720 et
1093 1647 1295 1738 maioribus

206 1752 349 1831 indiciis
373 1755 645 1851 continuemus,
663 1766 852 1827 armorum
871 1743 1133 1849 additamenta,
1161 1780 1207 1828 nc
1226 1751 1292 1827 aba

206 1889 248 1937 re
268 1887 336 1965 per
354 1885 421 1936 ros
444 1858 540 1941 lact-a
564 1875 628 1934 aut
650 1861 730 1933 sino
746 1861 911 1935 virtuoso
930 1875 1055 1934 rerum
1077 1875 1167 1962 typo
1187 1885 1293 1962 prae-

207 1971 290 2043 stita
322 1964 536 2078 videantur,
584 1963 883 2069 significationem
914 1993 1045 2056 eorum
1076 1982 1115 2039 ct
1149 1990 1294 2040 causam

83 2059 86 2068 ¹
142 2095 147 2109 ¹
207 2075 414 2196 exprimere
434 2099 510 2146 non
527 2073 762 2174 negleximus.
789 2072 901 2164 Quod
922 2075 1019 2146 enim
1040 2070 1160 2147 forma
1178 2073 1294 2146 leonis

207 2181 338 2255 rubri
328 2208 379 2254 m
377 2205 515 2302 campo
535 2179 652 2251 albo
642 2205 682 2250 in
694 2194 791 2252 statu
811 2190 847 2252 et
860 2177 972 2252 modo
992 2204 1102 2280 supra
1120 2202 1293 2281 expresso

82 2280 85 2284 ’
208 2284 332 2359 addita
350 2285 592 2389 conspicitur3
620 2282 799 2386 significat
819 2283 1017 2358 antefatum
1035 2286 1215 2361 Comitem
1229 2286 1295 2356 J
1254 2311 1295 2359 o

193 2390 364 2466 'hannem
390 2388 639 2495 superioribus
664 2408 815 2465 nostrae
840 2390 1021 2466 absentiae
1041 2391 1294 2514 temporibus,

209 2498 344 2600 quihus
363 2498 535 2572 videlicet
553 2513 638 2599 post
656 2495 819 2570 sedatum
833 2496 943 2572 liuius
948 2524 1059 2601 regni
1048 2488 1296 2571 disturbium

87 2608 90 2613 ’
207 2608 291 2706 ipse
310 2607 443 2679 Comes
466 2605 624 2677 Joamaes
647 2600 810 2678 officium
829 2603 1095 2680 Gubernatoris
1116 2604 1296 2706 generalis

97 2758 101 2764 «
209 2736 294 2784 cum
320 2734 387 2783 suo
416 2707 560 2784 bonore
587 2723 624 2781 et
648 2726 764 2786 onere
793 2711 954 2806 sustulit,
989 2659 1138 2787 nostro
1146 2734 1296 2785 nomine

143 2880 145 2884 .
196 2831 253 2890 :et
265 2817 535 2917 supportavit,
549 2839 591 2890 ea
616 2817 767 2908 omnia,
791 2828 890 2917 quae
908 2841 979 2923 pro
998 2815 1213 2892 defensioue
1234 2841 1315 2892 re··

209 2924 272 3026 gui
290 2925 407 2997 nostri
423 2948 470 2995 ac
486 2939 617 2996 nostro
635 2923 713 2996 iure
735 2922 872 2998 tuendo
891 2928 1109 3026 opportuna
1117 2923 1266 3043 fuere,
1256 2951 1296 2996 m

208 3033 352 3103 sincera
367 3027 444 3103 fide
465 3046 503 3102 et
522 3027 785 3122 sollicitudine,
823 3053 916 3131 quae
940 3032 1128 3104 sinceritas
1135 3030 1213 3134 per
1234 3054 1298 3104 co·

209 3136 324 3213 loram
346 3135 471 3209 album
490 3134 719 3236 designatur,
739 3136 850 3290 egit,
879 3136 1046 3213 exercuit
1065 3152 1102 3210 et
1120 3152 1296 3239 operatus

209 3258 275 3316 est
280 3240 305 3279 “
334 3242 434 3346 Dipl.
446 3264 548 3317 anno
569 3245 681 3314 1453
1283 3277 1286 3281 ·

306 3397 528 3553 Supremam
546 3453 666 3555 Regni
687 3394 922 3578 capitaneum
944 3458 1182 3532 constitutum
1207 3456 1298 3532 vir·

187 3579 281 3633 vtus
317 3556 493 3633 bellica
525 3575 764 3632 exterorum
770 3586 846 3634 non
867 3563 1005 3657 minus,
1033 3586 1144 3665 quam
1168 3562 1297 3638 dome

209 3669 389 3744 stieorum
415 3692 479 3740 ore
509 3665 772 3739 celebrata-
806 3667 954 3742 extulit:
989 3672 1296 3745 E'xterorum:

153 3778 161 3789 '
209 3773 470 3874 Dlugossus
503 3772 632 3846 salutat
653 3773 793 3872 ipsum:
835 3769 1011 3865 „militem
1030 3778 1235 3869 animosum
1259 3790 1299 3850 et

106 3912 109 3920 ·
209 3882 329 3953 virum
354 3879 530 3952 inarmis
557 3871 679 3980 magni
699 3879 848 3980 pretii.“
876 3881 1053 3958 Aeneas
1080 3882 1295 3984 Sylvius:

210 3987 350 4077 ‚,Eum,
387 3986 451 4086 qui
480 3985 848 4088 primamliungaros
876 3985 1066 4086 doctior-it,
1102 3987 1296 4094 quomodo
