2708 4568
1161 312 1209 383 55

125 556 271 633 cunque
298 529 464 609 eeclesiis
490 532 605 605 nostri
628 535 811 636 iniuratus
831 520 1087 625 existentium,
1111 533 1211 607 simi·

126 642 212 715 liter
233 637 344 740 parili
372 636 559 729 voluntate
586 655 625 713 et
646 665 825 715 consensu
851 655 962 741 atque
991 639 1209 734 annuentia,

127 745 392 851 possessionem
425 759 588 819 nostram
609 744 758 841 Szirak,
795 762 833 820 et
859 746 1037 823 Ecclesiae
1066 762 1213 819 nostrae

129 850 388 953 strigoniensis
423 849 652 952 praedictae,
678 856 717 929 in
741 854 925 929 Comitatu
950 848 1214 957 Neogradiensi

128 958 366 1051 existentem,
403 957 569 1060 praefato
597 960 771 1064 Magistro
797 956 973 1052 Johanni,
1008 959 1084 1037 filio
1114 958 1214 1051 Viti,

130 1060 368 1167 eiusdemque
395 1060 613 1141 haeredibus
642 1085 679 1141 et
706 1065 980 1171 posteritatibus
1012 1065 1213 1158 universis,

129 1170 279 1251 nomine
300 1167 476 1272 praedioli
505 1197 609 1247 more
632 1172 788 1250 aliorum
811 1170 1049 1273 praedialium
1065 1185 1218 1247 nostro«

130 1302 215 1351 rum
238 1275 421 1351 Ecclesiae
444 1293 590 1371 nostrae,
611 1279 794 1372 dedimus,
822 1277 1054 1373 donavimus,
1082 1290 1214 1351 contu·

131 1382 261 1477 limus,
290 1379 357 1457 sub
375 1378 443 1457 hac
462 1382 696 1482 conditione,
721 1404 763 1463 ut
779 1389 856 1487 ipse
870 1384 1041 1487 Magister
1055 1385 1216 1459 Joannes

132 1505 168 1562 et
187 1489 246 1562 sui
266 1486 459 1589 haeredes,
486 1492 585 1565 annis
609 1493 755 1597 singuiis
779 1518 892 1569 unum
910 1516 972 1567 vas
992 1491 1067 1565 vini
1084 1494 1134 1563 60
1151 1514 1215 1565 cu·

132 1592 252 1668 bulios
275 1592 524 1670 Budenserin
548 1622 587 1673 se
610 1602 819 1693 continens,
854 1614 893 1672 et
910 1624 1019 1673 unum
1035 1595 1211 1701 garletam

132 1698 279 1807 [iugum
297 1698 384 1777 dare
401 1716 439 1775 et
465 1700 611 1779 solvere
636 1705 768 1781 debeat
792 1722 829 1781 et
848 1719 1026 1779 teneatur.
1053 1698 1217 1793 Quodsi

134 1804 219 1883 dare
237 1806 354 1883 nollet
380 1824 537 1882 autnon
561 1830 702 1912 posset,
730 1829 866 1887 extunc
893 1806 1104 1887 huiusmodi
1117 1805 1217 1882 solu·

135 1914 243 1989 tionis
269 1911 388 2008 loco,
414 1910 558 1991 duobus
590 1920 717 2019 equis,
755 1917 1059 1992 exercituantium
1088 1938 1216 2007 more,

135 2045 180 2094 eo
202 2036 389 2120 tempore,
424 2018 512 2095 dum
531 2024 707 2127 generalis
730 2022 911 2111 exercitus
934 2022 974 2095 in
998 2046 1114 2125 reguo
1135 2042 1217 2093 mo·
1247 2016 1275 2055 ·’

135 2142 281 2201 veretur
301 2124 371 2202 sub
392 2143 520 2203 nostro
540 2129 675 2205 vexillo
695 2128 833 2205 servire
851 2124 970 2202 faciat.
988 2127 1127 2201 Datum
1144 2126 1217 2199 Bu·

135 2228 201 2307 dae
219 2249 325 2325 sexta
348 2234 520 2337 proxima
544 2250 628 2311 anto
656 2233 788 2313 festum
804 2236 848 2313 Β.
869 2230 1032 2311 Tibrutii
1054 2248 1093 2307 et
1110 2228 1216 2306 Vale·

134 2338 225 2413 nani
250 2336 466 2441 Martyrum.
502 2341 611 2415 Anno
638 2341 789 2419 Domini
811 2340 1008 2419 afilluimo
1037 2335 1213 2443 quadrin-

133 2444 330 2549 gentesimo
353 2442 624 2550 quadragesimo
645 2451 765 2525 tertio.
1293 2454 1297 2461 ’

172 2588 314 2655 indidem
327 2586 458 2653 Mooadri
478 2592 498 2651 i·
517 2614 544 2653 c·
562 2596 594 2655 P·
610 2596 630 2655 i·
647 2618 677 2679 p.
693 2596 754 2657 tut
772 2614 840 2692 sqq.

621 2780 702 2857 XII.

134 2922 222 2989 Iden
238 2920 385 2987 rotunda
407 2934 438 2983 et
454 2923 644 3003 Capitonem
665 2927 816 2985 uernum
832 2924 989 3004 generalia
1003 2925 1169 2983 viatorem
1184 2942 1207 2981 u

226 3026 416 3119 terrulentam
436 3027 570 3089 Maniae
593 3024 632 3087 do
655 3026 763 3104 (diod,
795 3026 932 3107 ootugm
950 3044 1006 3085 mo
1028 3022 1208 3104 perscribit.

227 3128 292 3192 An·
309 3129 401 3191 1443.

228 3252 424 3371 Magnifico
441 3268 602 3342 Domino
622 3266 779 3343 Nicolao
798 3262 845 3338 de
861 3263 984 3369 Ujlak,
1008 3260 1211 3357 Waivodue

132 3374 419 3473 Transiivaniac,
458 3375 573 3447 Fratri
609 3390 735 3449 nostro
760 3367 979 3447 charissimo.
1016 3370 1210 3460 Putamus,

133 3478 238 3585 quod
258 3505 351 3583 opus
362 3508 439 3555 non
455 3481 502 3554 sit
519 3497 656 3555 vestrae
674 3476 960 3583 magnificentiae
979 3474 1211 3565 iterumscri·

130 3584 222 3661 bere
242 3582 288 3657 de
306 3584 366 3659 illa
384 3586 556 3677 victoria,
578 3614 688 3689 quam
706 3586 828 3688 paucis
847 3600 930 3659 ante
948 3579 1075 3656 diebus
1094 3581 1211 3655 omni·

107 3690 262 3793 jpotens
285 3689 386 3764 Deus
422 3690 528 3767 nobis
553 3709 591 3767 et
616 3690 811 3768 christiano
838 3690 980 3794 populo
1011 3687 1211 3776 concessit,

129 3824 241 3901 quam
259 3792 440 3871 credimus
461 3798 531 3871 iam
549 3796 832 3903 magnificentiae
851 3811 993 3869 vestrae
1012 3812 1049 3870 et
1065 3820 1132 3897 per
1151 3792 1212 3864 lit-

128 3920 221 3981 teras
243 3903 379 4005 regias,
406 3902 510 3976 simui
535 3919 573 3976 et
600 3898 759 3996 nostras,
788 3928 831 3975 ac
853 3903 928 4002 ipsa
953 3898 1047 3975 fama
1068 3899 1213 4001 Hungu-

128 4011 177 4085 ris
192 4008 303 4113 piene
324 4006 525 4082 informata.
553 4009 658 4083 Vnde
682 4008 753 4083 inis
773 4004 940 4083 obmissis
958 4005 1006 4089 ad
1025 4031 1088 4100 ea,
1116 4030 1211 4109 quae
