2708 4568
133 248 192 363 st

131 498 265 586 iterum
280 496 486 575 Altissimus
510 523 558 573 ex
575 521 639 571 sua
660 493 914 577 miserator-diu
932 492 1040 573 uobis
1059 520 1209 575 conces·

31 687 33 691 ,
89 621 91 626 “
131 606 199 700 rit,
239 605 376 707 stylum
402 604 661 694 :convertimus
697 601 801 677 Dum.
821 602 919 677 enim
946 618 1031 707 post
1059 601 1214 681 eundem

85 719 91 733 '
133 713 298 818 priorem
309 709 502 791 victoriam
519 707 566 783 ad
584 708 942 797 terras'inimieorom
961 708 1109 804 ulterius
1124 735 1213 813 pro·

131 816 372 912 cessissemus,¹
389 815 599 922 quaerendo
608 816 742 891 iterum
758 813 906 890 modum
923 813 1107 919 pugnandi
1125 840 1212 893 cum

130 924 145 997 i
189 925 198 941 ’
237 924 415 1017 inimicis,
449 948 518 998 nec
541 932 662 997 tumen
689 923 852 1025 reperire
878 934 1106 1026 poteramus,
1141 924 1214 1013 nos'

131 948 366 1105 gumandoto
395 1045 434 1104 et
453 1029 598 1105 lieentia
623 1027 741 1131 regiae
758 1027 957 1119 Maiestatis
982 1026 1106 1101 electis
1124 1027 1209 1105 XII.

130 1134 290 1211 millibus
317 1137 484 1238 equitum
503 1150 541 1209 et
563 1149 690 1229 vestra
705 1134 811 1207 simul
840 1130 1030 1209 nobiscum
1054 1131 1234 1226 familias

132 1240 270 1317 relictis
287 1243 413 1335 castris,
427 1264 538 1343 penes
559 1239 708 1319 fluvium
725 1239 879 1337 Morsu,
899 1240 1018 1342 ipsum
1035 1236 1212 1313 lluviuum

129 1345 637 1449 transmisimussxplorando
647 1401 658 1439 ,
670 1346 706 1447 si
726 1343 825 1420 forte
840 1344 929 1420 alibi
946 1343 1110 1447 bostium·
1121 1346 1211 1419 late·

128 1468 215 1551 rent
234 1455 381 1555 copiae,
409 1450 570 1555 dumque
592 1452 640 1528 ad
661 1453 862 1546 civitatem,
892 1452 996 1527 Nissa
1020 1467 1207 1560 saeptam,

128 1561 366 1657 venissemus,
391 1559 490 1634 illam
508 1558 732 1634 obtinuimus
751 1574 789 1631 et
810 1557 940 1633 ablatis
958 1559 1079 1663 primo
1102 1554 1209 1662 prae·

7 1674 23 1700 “
129 1663 199 1759 dis,
214 1663 366 1740 eandem
385 1664 657 1761 succendimus3
678 1664 838 1769 dumque
860 1665 1125 1767 aliquantulum
1142 1658 1211 1739 ibi·

128 1766 212 1845 dem
231 1794 479 1864 moraremur,
499 1796 588 1847 ecee
605 1772 772 1875 apparuit
791 1769 939 1872 quidem
957 1773 1084 1872 prince
1145 1768 1212 1847 Se·¹

127 1876 201 1951 mel
217 1872 388 1981 Erebeg,·
406 1901 517 1979 quem
542 1880 627 1953 satis
653 1879 783 1973 leviter
810 1875 981 1978 fregimus
1010 1893 1054 1953 et·
1083 1874 1209 1979 ‚ugeri-

126 2006 218 2059 mus.
264 1984 350 2075 Quo
376 1976 523 2086 firguto,
547 1984 702 2061 :iterum
730 1985 937 2091 comparuit
960 2008 1075 2059 novus
1102 1982 1209 2074 basa,

129 2089 195 2192 qui
212 2088 381 2185 similiter
393 2086 438 2165 ilu
463 2105 552 2173 atus
567 2106 606 2185 et
632 2088 839 2166 confractus
858 2089 948 2183 fuit,
974 2090 1087 2181 tertio
1108 2080 1209 2165 co'm·

127 2197 251 2301 pantit
266 2115 560 2300 twrtsbibagt‚
594 2210 718 2300 quem*
734 2197 904 2281 similiter
923 2197 1018 2271 siout
1037 2196 1129 2271 alios
1151 2192 1208 2299 fu·

127 2294 301 2405 gerimus.
336 2296 628 2397 Eiristimarimus
660 2300 873 2379 enim'inrer
901 2298 1057 2403 eosdem·
1079 2299 1209 2383 eondi-

128 2420 267 2483 ctatum
286 2406 416 2501 misse,
434 2422 492 2481 ut·
504 2406 567 2481 illa
587 2406 649 2503 die
666 2406 717 2481 'ad
739 2406 873 2484 dicum
895 2409 1077 2503 civitatem
1093 2408 1209 2511 Nyssa

130 2515 384 2588 convenissent
394 2529 431 2586 et
441 2511 656 2588 coadunatis
670 2538 799 2590 eorum
816 2515 991 2615 potentiis
1011 2531 1129 2589 castra·
1142 2538 1209 2587 no·

128 2632 203 2692 stra
225 2618 448 2691 invasissent.
486 2617 564 2695 sed
585 2621 687 2696 Deus
718 2621 868 2695 consilia
891 2618 1108 2697 eorumdem
1125 2644 1209 2722 pm-

129 2721 337 2829 rumprndo
357 2720 546 2798 destruxit.
580 2726 720 2800 Verum
742 2726 829 2801 dum
852 2752 916 2802 eos
936 2728 1212 2827 insequeremur

1 2835 8 2846 “
128 2845 167 2905 et
194 2831 234 2905 in
262 2827 459 2932 quamdam
488 2831 672 2909 civitatem
693 2830 772 2933 ¹pro
807 2836 915 2938 copia
947 2832 1212 2933 aliquantulum

127 2959 380 3041 pensaremus3
403 2936 628 3017 ‹amotarum
647 2939 755 3017 nobis
774 2954 853 3015 erat
869 2964 940 3044 per
958 2940 1212 3041 exploratores

126 3058 295 3136 nostros,
331 3039 436 3144 quod
453 3041 602 3145 quidam
616 3043 706 3141 alius
725 3070 873 3148 mugnus
891 3060 930 3121 et
949 3043 1088 3121 validus
1104 3070 1209 3121 exer·

12 3230 15 3236 ,
130 3148 223 3225 citus
243 3138 394 3221 alutere
409 3149 556 3225 sinistro
573 3151 737 3245 reniret,
766 3168 803 3226 et
818 3152 890 3227 iter
904 3176 1010 3229 suum
1026 3175 1142 3252 usque
1160 3147 1210 3224 ad

130 3271 246 3355 eastra
271 3250 413 3328 domini
439 3257 536 3357 regis
569 3255 761 3360 dirigeret,
800 3257 862 3332 cui
893 3259 1004 3331 etism
1026 3257 1208 3332 'exercitui

130 3385 257 3436 omnes
278 3360 339 3434 isti
352 3358 476 3463 fugati,
498 3387 590 3462 quos
608 3362 1010 3465 supranominarimus,
1028 3366 1100 3436 iam
1118 3388 1208 3436 eon-

129 3466 244 3541 iuucti
260 3481 374 3539 eraut.
411 3466 497 3554 Quo
510 3467 705 3542 ,intellecto
728 3470 846 3542 statim
863 3485 900 3543 et
915 3471 992 3542 sine
1007 3495 1110 3543 mora
1124 3493 1208 3540 rer·

129 3596 188 3645 sus
204 3587 318 3645 casua
342 3571 442 3675 regia
458 3597 528 3647 nos
542 3575 815 3673 ¹convertimus,
837 3574 906 3649 ubi
924 3572 1031 3651 nobis
1051 3571 1209 3659 redeun-

127 3673 225 3751 tibus
252 3677 506 3779 conspeximus
531 3681 569 3752 in
595 3679 743 3781 planitie
772 3684 878 3755 unius
905 3682 1023 3784 campi
1045 3707 1211 3781 magnam

127 3796 165 3857 et
193 3781 396 3887 terribilem
421 3779 580 3860 bostium
607 3784 893 3881 multitudinem3
932 3788 981 3870 ita
1008 3786 1112 3889 quod
1140 3786 1209 3859 ali·

127 3888 343 3990 quantulum
361 3889 399 3963 in
418 3891 540 3986 animo
562 3893 735 3991 compti
750 3891 940 3970 fueramus.
966 3891 1042 3969 Sed
1062 3888 1209 3970 tandem

127 4010 290 4072 remmto
317 3994 457 4088 animo,
493 3999 586 4091 acies
612 4024 716 4077 more
737 3994 874 4078 bellico
900 3997 1148 4077 ordinavimus
1169 4014 1210 4075 et

108 2064 118 2101 l
