2708 4568
1157 221 1215 355 tt

127 479 246 557 vineit
288 466 440 556 Dactts
475 468 552 556 bic
573 455 689 572 (nunc
715 461 896 559 valceles
919 452 1118 583 appellant)
1144 509 1215 557 na·
1335 510 1351 539 ι

132 589 262 662 tione
285 583 377 680 finit,
405 583 505 661 haud
521 586 622 662 claro
645 609 778 687 genere
798 600 919 683 ortuo,
938 579 1003 660 aed
1022 583 1128 661 sactis
1148 612 1214 690 per
1310 679 1313 684 Α

132 719 230 767 arma
256 691 475 767 clarissimus
482 721 493 786 ;
531 707 572 766 ut
597 693 663 793 qui
686 691 846 794 primum
858 689 1052 794 Hungaroa
1072 688 1215 768 docue-

128 801 196 893 rit,
233 799 425 900 quomodo
442 779 585 874 Tuncbe
610 799 690 872 acie
715 794 853 899 frangi,
889 800 1126 900 superatique
1150 797 1214 873 de·
1343 884 1347 895 ,

126 904 251 1015 beant.
280 906 373 1027 Eiuc.
386 930 499 1028 opera
517 902 667 998 factum,
686 919 728 975 ut
746 902 883 978 bonam
899 921 1042 1006 partem
1061 905 1214 1007 Mysiae,
1324 966 1328 976 .

128 1037 242 1212 ut
257 1007 872 1221 leucatem
889 1010 1217 1199 tualttt
1264 1122 1267 1129 -

128 1223 180 1300 od
198 1251 257 1298 an.
279 1228 400 1300 1452:
433 1225 548 1316 „Erat
567 1221 641 1299 boc
662 1225 829 1323 tempore
858 1225 962 1325 regni
982 1221 1219 1301 Gubernator

129 1328 317 1408 lohannes
346 1329 393 1406 de
420 1327 600 1430 Hunyed,
627 1326 792 1404 Vtivoda
818 1327 1093 1424 Transiltanuo,
1120 1327 1219 1406 baud

130 1462 268 1544 magala
289 1460 423 1540 genere
448 1451 573 1527 natus,
607 1433 673 1509 sed
698 1437 820 1510 animo
849 1433 977 1538 grandi
1001 1452 1039 1513 at
1053 1438 1217 1513 consilio

131 1541 318 1648 provido,
347 1543 414 1646 qui
430 1559 514 1646 post
530 1531 676 1616 Albenti
692 1543 788 1646 regis
805 1540 949 1617 obitum
966 1562 1061 1618 unus
1077 1542 1217 1628 iudica·

133 1668 192 1725 tus
207 1665 284 1743 est,
311 1651 377 1751 qui
394 1673 548 1752 regnum
564 1648 771 1751 Hungariae
792 1648 1037 1725 aTurcorum
1061 1651 1218 1729 invasio·

135 1754 245 1832 nibus
264 1754 450 1831 liba—aret
486 1753 641 1855 Saepius
670 1779 755 1829 cum
780 1756 831 1830 eis
859 1780 992 1837 manue,
1015 1759 1221 1851 conseruit,
1306 1851 1309 1855 ⁵

134 1859 1220 2072 mpmnpgnffltufflmffi,

135 2076 197 2152 Bis
215 2070 337 2149 tamen
361 2075 408 2148 ab
432 2074 523 2169 illis,
557 2100 633 2149 non
654 2074 733 2148 sine
757 2075 915 2147 maxima
929 2072 1220 2153 Christianorum
1330 2130 1334 2139 ,

136 2172 351 2275 edamimte,
368 2200 555 2286 superatus
575 2178 673 2255 estf‘
692 2181 786 2259 Item
804 2181 846 2254 L.
858 2181 1001 2255 XXXI.
1025 2208 1106 2284 pag.
1132 2187 1221 2260 240.
1333 2178 1341 2229 ἶ

136 2289 241 2382 „Nec
264 2287 362 2370 ultra,
376 2287 546 2392 Belgradi
567 2301 730 2363 moratus
745 2285 846 2380 (Rex
863 2285 1048 2362 Ladielaue
1067 2287 1220 2366 Poatbu·

135 2389 234 2495 mue)
260 2393 403 2497 Budam
426 2392 698 2488 revertebatur,
735 2392 992 2475 comitantibus
1012 2420 1116 2492 eum,
1151 2396 1221 2473 La·

137 2499 254 2583 diolco
277 2516 315 2576 et
337 2499 476 2577 Mathia
500 2499 677 2576 fratribus
703 2526 821 2603 usque
851 2527 973 2578 arcem
991 2500 1222 2581 Hunniadam

117 2599 490 2704 '(Temes.varinum)·,
518 2609 557 2683 in
579 2622 785 2708 qua‘mater
804 2633 947 2702 eorum,
965 2608 1096 2702 vidua,
1119 2636 1220 2686 moe·

135 2740 223 2791 rore
245 2715 354 2797 anxia
372 2712 617 2799 delitescebat.
639 2709 734 2789 Mira
752 2740 875 2789 rursus
893 2717 1003 2791 animi
1020 2713 1163 2793 indoles
1184 2716 1222 2791 in
1268 2762 1280 2779 r

138 2839 215 2896 tam
243 2826 369 2905 tenera
395 2821 493 2923 regis
524 2836 641 2894 aetate
667 2822 837 2913 emicuit,
877 2838 1073 2923 postquam
1091 2850 1223 2911 ¹arcem

137 2927 338 3028 ingressus,
367 2928 491 3001 omnia
508 2925 563 3000 ibi
585 2926 687 3000 luctu
707 2927 833 3028 plena,
861 2928 1051 3030 ipsamque
1078 2930 1225 3005 viduam
1261 2928 1267 2949 ¹

140 3029 487 3133 lachrymabundam
525 3059 567 3105 ac
595 3048 695 3106 veste
731 3030 877 3132 lugubri
911 3031 1075 3107 indutam
1103 3035 1223 3128 sidit,

137 3163 360 3243 quamquam
377 3136 456 3242 ipse
479 3139 563 3212 satis
582 3155 759 3229 moestus,
787 3163 961 3213 revocare
981 3156 1101 3214 tamen
1126 3143 1223 3216 illam

136 3275 159 3318 a
177 3271 351 3321 moerore
372 3245 420 3319 ad
439 3245 612 3320 laetitiam
630 3245 777 3346 incipit,
806 3269 897 3337 eam,
916 3245 1047 3346 inquit,
1066 3265 1224 3323 mortem

138 3377 221 3427 esse
237 3350 433 3427 dolendam
444 3379 492 3441 ao
514 3348 737 3443 deflendam,
759 3375 852 3452 quae
870 3353 979 3425 vitam
997 3352 1141 3454 penitus
1162 3382 1225 3429 au·

137 3457 253 3551 ferat,
275 3483 358 3533 non
381 3484 471 3536 vero
497 3457 615 3550 illam,
645 3482 738 3558 quae
757 3482 824 3531 nos
845 3452 891 3530 ad
907 3458 1097 3532 meliorem
1115 3462 1227 3535 vitem
1333 3467 1336 3475 '

138 3562 342 3641 transferat.
369 3564 554 3656 Maritus,
583 3565 723 3666 inquit,
751 3579 834 3637 tuus
860 3563 987 3665 utique
1006 3566 1228 3645 etiamnum

137 3671 252 3763 vivit,
280 3688 422 3745 etcum
442 3668 587 3745 Christo
611 3668 745 3773 procul
766 3667 882 3743 dubio
906 3685 1053 3774 regnat,
1075 3675 1140 3774 qui
1157 3696 1230 3777 pro

137 3773 288 3854 Cbu'tto
309 3792 368 3851 tot
385 3803 422 3850 se
442 3776 614 3878 periculis
635 3773 791 3867 obiecit,
818 3775 975 3858 maxima
992 3776 1149 3853 interim
1171 3805 1231 3854 ao·

137 3883 226 3955 latia
235 3881 312 3982 tibi¹
320 3882 543 3984 relinquens,
553 3879 762 3957 Ladielaum·
774 3883 883 3957 istum
891 3897 928 3955 et
937 3880 1111 3968 Mathiam
1119 3883 1226 3977 filiot,

137 3984 278 4091 quibus
311 3990 456 4092 quoties
480 3989 647 4065 volueris·
674 3986 776 4063 refici
793 3986 965 4090 poteris,
1003 3993 1228 4069 antevertant
