<?xml version="1.0" encoding="UTF-8"?>
<!DOCTYPE html PUBLIC "-//W3C//DTD XHTML 1.0 Transitional//EN"
    "http://www.w3.org/TR/xhtml1/DTD/xhtml1-transitional.dtd">
<html xmlns="http://www.w3.org/1999/xhtml" xml:lang="en" lang="en">
 <head>
  <title>
</title>
<meta http-equiv="Content-Type" content="text/html;charset=utf-8" />
  <meta name='ocr-system' content='tesseract 3.04.00' />
  <meta name='ocr-capabilities' content='ocr_page ocr_carea ocr_par ocr_line ocrx_word'/>
</head>
<body>
  <div class='ocr_page' id='page_1' title='image "./genusincunabula00fejgoog_0101.png"; bbox 0 0 2708 4568; ppageno 0'>
   <div class='ocr_carea' id='block_1_1' title="bbox 107 281 240 403">
    <p class='ocr_par' dir='ltr' id='par_1_1' title="bbox 107 281 240 403">
     <span class='ocr_line' id='line_1_1' title="bbox 107 281 240 403; baseline 0 -118"><span class='ocrx_word' id='word_1_1' title='bbox 107 281 108 285; x_wconf 10' lang='lat' dir='ltr'><strong>s</strong></span> <span class='ocrx_word' id='word_1_2' title='bbox 174 313 240 403; x_wconf 41' lang='lat' dir='ltr'><strong>&lt;sa</strong></span> 
     </span>
    </p>
   </div>
   <div class='ocr_carea' id='block_1_2' title="bbox 72 502 1273 1362">
    <p class='ocr_par' dir='ltr' id='par_1_2' title="bbox 72 502 1273 1362">
     <span class='ocr_line' id='line_1_2' title="bbox 72 502 1273 620; baseline -0.002 -26"><span class='ocrx_word' id='word_1_3' title='bbox 72 585 75 594; x_wconf 93' lang='lat'><em>.</em></span> <span class='ocrx_word' id='word_1_4' title='bbox 192 523 248 594; x_wconf 88' lang='lat' dir='ltr'><strong>uis</strong></span> <span class='ocrx_word' id='word_1_5' title='bbox 268 518 386 607; x_wconf 87' lang='lat' dir='ltr'><strong>adhuc</strong></span> <span class='ocrx_word' id='word_1_6' title='bbox 404 502 614 620; x_wconf 68' lang='lat' dir='ltr'><strong>impugnanti¹</strong></span> <span class='ocrx_word' id='word_1_7' title='bbox 633 521 876 620; x_wconf 75' lang='lat' dir='ltr'>conspicitur,</span> <span class='ocrx_word' id='word_1_8' title='bbox 905 541 990 591; x_wconf 89' lang='lat' dir='ltr'><strong>ecce</strong></span> <span class='ocrx_word' id='word_1_9' title='bbox 1007 517 1053 590; x_wconf 88' lang='lat' dir='ltr'><strong>ad</strong></span> <span class='ocrx_word' id='word_1_10' title='bbox 1074 543 1175 591; x_wconf 86' lang='lat' dir='ltr'><strong>arma</strong></span> <span class='ocrx_word' id='word_1_11' title='bbox 1197 517 1273 592; x_wconf 86' lang='lat' dir='ltr'><strong>ma·</strong></span> 
     </span>
     <span class='ocr_line' id='line_1_3' title="bbox 190 619 1273 725; baseline -0.001 -26"><span class='ocrx_word' id='word_1_12' title='bbox 190 653 279 699; x_wconf 88' lang='lat' dir='ltr'><strong>num</strong></span> <span class='ocrx_word' id='word_1_13' title='bbox 297 625 469 697; x_wconf 78' lang='lat' dir='ltr'><strong>mittimus</strong></span> <span class='ocrx_word' id='word_1_14' title='bbox 490 624 633 717; x_wconf 86' lang='lat' dir='ltr'><strong>(contra</strong></span> <span class='ocrx_word' id='word_1_15' title='bbox 650 625 876 698; x_wconf 88' lang='lat' dir='ltr'><strong>Fridericum</strong></span> <span class='ocrx_word' id='word_1_16' title='bbox 893 619 1101 725; x_wconf 82' lang='lat' dir='ltr'><strong>Imperat),</strong></span> <span class='ocrx_word' id='word_1_17' title='bbox 1119 651 1214 724; x_wconf 90' lang='lat' dir='ltr'><strong>quae</strong></span> <span class='ocrx_word' id='word_1_18' title='bbox 1232 641 1273 698; x_wconf 89' lang='lat' dir='ltr'><strong>ut</strong></span> 
     </span>
     <span class='ocr_line' id='line_1_4' title="bbox 190 727 1272 812; baseline -0.001 -9"><span class='ocrx_word' id='word_1_19' title='bbox 190 727 379 804; x_wconf 82' lang='lat' dir='ltr'><strong>beatitudo</strong></span> <span class='ocrx_word' id='word_1_20' title='bbox 398 745 517 803; x_wconf 84' lang='lat' dir='ltr'><strong>vestra</strong></span> <span class='ocrx_word' id='word_1_21' title='bbox 535 731 724 803; x_wconf 85' lang='lat' dir='ltr'><strong>iustissima</strong></span> <span class='ocrx_word' id='word_1_22' title='bbox 743 756 916 804; x_wconf 87' lang='lat' dir='ltr'><strong>essenon</strong></span> <span class='ocrx_word' id='word_1_23' title='bbox 941 729 1103 812; x_wconf 81' lang='lat' dir='ltr'><strong>dubitet,</strong></span> <span class='ocrx_word' id='word_1_24' title='bbox 1133 733 1169 801; x_wconf 93' lang='lat' dir='ltr'><strong>in</strong></span> <span class='ocrx_word' id='word_1_25' title='bbox 1193 731 1272 803; x_wconf 87' lang='lat' dir='ltr'><strong>aliis</strong></span> 
     </span>
     <span class='ocr_line' id='line_1_5' title="bbox 80 832 1272 937; baseline 0 -27"><span class='ocrx_word' id='word_1_26' title='bbox 80 839 83 848; x_wconf 86' lang='grc'><strong>’</strong></span> <span class='ocrx_word' id='word_1_27' title='bbox 191 838 322 910; x_wconf 82' lang='lat' dir='ltr'><strong>litteris</strong></span> <span class='ocrx_word' id='word_1_28' title='bbox 343 838 453 924; x_wconf 81' lang='lat' dir='ltr'><strong>meis,</strong></span> <span class='ocrx_word' id='word_1_29' title='bbox 483 832 529 908; x_wconf 88' lang='lat' dir='ltr'><strong>de</strong></span> <span class='ocrx_word' id='word_1_30' title='bbox 552 837 736 909; x_wconf 87' lang='lat' dir='ltr'><strong>voluntate</strong></span> <span class='ocrx_word' id='word_1_31' title='bbox 761 838 1021 937; x_wconf 80' lang='lat' dir='ltr'><strong>praelatorum</strong></span> <span class='ocrx_word' id='word_1_32' title='bbox 1035 853 1072 910; x_wconf 89' lang='lat' dir='ltr'><strong>ct</strong></span> <span class='ocrx_word' id='word_1_33' title='bbox 1090 833 1272 910; x_wconf 88' lang='lat' dir='ltr'><strong>baronum</strong></span> 
     </span>
     <span class='ocr_line' id='line_1_6' title="bbox 104 939 1272 1042; baseline 0.001 -29"><span class='ocrx_word' id='word_1_34' title='bbox 104 945 108 952; x_wconf 86' lang='grc'><strong>’</strong></span> <span class='ocrx_word' id='word_1_35' title='bbox 191 941 282 1016; x_wconf 86' lang='lat' dir='ltr'><strong>datis</strong></span> <span class='ocrx_word' id='word_1_36' title='bbox 314 939 496 1013; x_wconf 84' lang='lat' dir='ltr'><strong>declarare</strong></span> <span class='ocrx_word' id='word_1_37' title='bbox 524 943 674 1014; x_wconf 85' lang='lat' dir='ltr'><strong>institui.</strong></span> <span class='ocrx_word' id='word_1_38' title='bbox 707 940 906 1035; x_wconf 85' lang='lat' dir='ltr'><strong>(caeterum</strong></span> <span class='ocrx_word' id='word_1_39' title='bbox 935 942 982 1014; x_wconf 90' lang='lat' dir='ltr'><strong>de</strong></span> <span class='ocrx_word' id='word_1_40' title='bbox 1001 944 1172 1016; x_wconf 87' lang='lat' dir='ltr'><strong>Ecclesiis</strong></span> <span class='ocrx_word' id='word_1_41' title='bbox 1195 943 1272 1042; x_wconf 88' lang='lat' dir='ltr'><strong>epi·</strong></span> 
     </span>
     <span class='ocr_line' id='line_1_7' title="bbox 156 1044 1271 1149; baseline -0.001 -28"><span class='ocrx_word' id='word_1_42' title='bbox 156 1087 170 1105; x_wconf 56' lang='lat' dir='ltr'><em>f</em></span> <span class='ocrx_word' id='word_1_43' title='bbox 188 1045 393 1148; x_wconf 77' lang='lat' dir='ltr'><strong>scopaiibus</strong></span> <span class='ocrx_word' id='word_1_44' title='bbox 414 1044 572 1148; x_wconf 16' lang='lat' dir='ltr'><strong>Zagrus..</strong></span> <span class='ocrx_word' id='word_1_45' title='bbox 589 1051 625 1119; x_wconf 85' lang='lat' dir='ltr'><strong>et</strong></span> <span class='ocrx_word' id='word_1_46' title='bbox 642 1048 809 1148; x_wconf 82' lang='lat' dir='ltr'><strong>Agriensi</strong></span> <span class='ocrx_word' id='word_1_47' title='bbox 836 1047 1072 1149; x_wconf 88' lang='lat' dir='ltr'><strong>providendis</strong></span> <span class='ocrx_word' id='word_1_48' title='bbox 1097 1046 1196 1148; x_wconf 83' lang='lat' dir='ltr'><strong>agit).</strong></span> <span class='ocrx_word' id='word_1_49' title='bbox 1217 1085 1271 1103; x_wconf 91' lang='lat'>—</span> 
     </span>
     <span class='ocr_line' id='line_1_8' title="bbox 122 1153 1270 1228; baseline -0.003 -1"><span class='ocrx_word' id='word_1_50' title='bbox 122 1184 126 1189; x_wconf 89' lang='lat'>·</span> <span class='ocrx_word' id='word_1_51' title='bbox 187 1154 282 1227; x_wconf 88' lang='lat' dir='ltr'><strong>Data</strong></span> <span class='ocrx_word' id='word_1_52' title='bbox 303 1153 361 1225; x_wconf 91' lang='lat' dir='ltr'><strong>die</strong></span> <span class='ocrx_word' id='word_1_53' title='bbox 380 1153 496 1225; x_wconf 87' lang='lat' dir='ltr'><strong>XVII.</strong></span> <span class='ocrx_word' id='word_1_54' title='bbox 521 1153 855 1228; x_wconf 82' lang='lat' dir='ltr'><strong>mensisOctobris.</strong></span> <span class='ocrx_word' id='word_1_55' title='bbox 890 1154 1000 1228; x_wconf 83' lang='lat' dir='ltr'><strong>Anno</strong></span> <span class='ocrx_word' id='word_1_56' title='bbox 1019 1155 1171 1228; x_wconf 89' lang='lat' dir='ltr'><strong>Domini</strong></span> <span class='ocrx_word' id='word_1_57' title='bbox 1189 1154 1270 1226; x_wconf 89' lang='lat' dir='ltr'><strong>mil·</strong></span> 
     </span>
     <span class='ocr_line' id='line_1_9' title="bbox 185 1248 1105 1362; baseline 0.002 -32"><span class='ocrx_word' id='word_1_58' title='bbox 185 1258 315 1333; x_wconf 89' lang='lat' dir='ltr'><strong>lesimo</strong></span> <span class='ocrx_word' id='word_1_59' title='bbox 331 1255 683 1360; x_wconf 84' lang='lat' dir='ltr'><strong>quadringentesimo</strong></span> <span class='ocrx_word' id='word_1_60' title='bbox 699 1248 973 1362; x_wconf 83' lang='lat' dir='ltr'><strong>qradragesimo</strong></span> <span class='ocrx_word' id='word_1_61' title='bbox 990 1276 1105 1334; x_wconf 79' lang='lat' dir='ltr'><strong>sexto.</strong></span> 
     </span>
    </p>
   </div>
   <div class='ocr_carea' id='block_1_3' title="bbox 160 1434 1282 2625">
    <p class='ocr_par' dir='ltr' id='par_1_3' title="bbox 228 1434 1264 1544">
     <span class='ocr_line' id='line_1_10' title="bbox 228 1434 1264 1544; baseline 0.003 -22"><span class='ocrx_word' id='word_1_62' title='bbox 228 1459 318 1544; x_wconf 80' lang='lat' dir='ltr'><strong>Apud</strong></span> <span class='ocrx_word' id='word_1_63' title='bbox 332 1458 558 1522; x_wconf 83' lang='lat' dir='ltr'><strong>Schwandtner</strong></span> <span class='ocrx_word' id='word_1_64' title='bbox 573 1464 605 1521; x_wconf 88' lang='grc' dir='ltr'><strong>Ρ.</strong></span> <span class='ocrx_word' id='word_1_65' title='bbox 621 1455 655 1521; x_wconf 81' lang='lat'><strong>11.</strong></span> <span class='ocrx_word' id='word_1_66' title='bbox 670 1434 706 1542; x_wconf 61' lang='lat' dir='ltr'><strong>b·</strong></span> <span class='ocrx_word' id='word_1_67' title='bbox 722 1463 775 1522; x_wconf 77' lang='lat'><strong>36.</strong></span> <span class='ocrx_word' id='word_1_68' title='bbox 796 1460 1021 1524; x_wconf 85' lang='lat' dir='ltr'><strong>Inimicitiarum</strong></span> <span class='ocrx_word' id='word_1_69' title='bbox 1036 1464 1115 1524; x_wconf 80' lang='lat' dir='ltr'><strong>inter</strong></span> <span class='ocrx_word' id='word_1_70' title='bbox 1133 1463 1264 1527; x_wconf 77' lang='lat' dir='ltr'><strong>Frideri·</strong></span> 
     </span>
    </p>

    <p class='ocr_par' dir='ltr' id='par_1_4' title="bbox 258 1582 1282 2385">
     <span class='ocr_line' id='line_1_11' title="bbox 278 1582 1269 1681; baseline 0.007 -40"><span class='ocrx_word' id='word_1_71' title='bbox 278 1601 347 1642; x_wconf 88' lang='lat' dir='ltr'><strong>cum</strong></span> <span class='ocrx_word' id='word_1_72' title='bbox 372 1584 579 1642; x_wconf 81' lang='lat' dir='ltr'><strong>Romanorum</strong></span> <span class='ocrx_word' id='word_1_73' title='bbox 606 1599 710 1663; x_wconf 83' lang='lat' dir='ltr'><strong>regern</strong></span> <span class='ocrx_word' id='word_1_74' title='bbox 735 1601 772 1642; x_wconf 85' lang='lat' dir='ltr'><strong>ac</strong></span> <span class='ocrx_word' id='word_1_75' title='bbox 796 1582 969 1664; x_wconf 84' lang='lat' dir='ltr'><strong>Hungariae</strong></span> <span class='ocrx_word' id='word_1_76' title='bbox 989 1604 1116 1681; x_wconf 69' lang='lat' dir='ltr'><strong>regnum</strong></span> <span class='ocrx_word' id='word_1_77' title='bbox 1133 1585 1269 1666; x_wconf 83' lang='lat' dir='ltr'><strong>gliscen-</strong></span> 
     </span>
     <span class='ocr_line' id='line_1_12' title="bbox 276 1699 1262 1788; baseline 0.006 -25"><span class='ocrx_word' id='word_1_78' title='bbox 276 1701 365 1775; x_wconf 80' lang='lat' dir='ltr'><strong>tium,</strong></span> <span class='ocrx_word' id='word_1_79' title='bbox 388 1721 517 1782; x_wconf 88' lang='lat' dir='ltr'><strong>quarum</strong></span> <span class='ocrx_word' id='word_1_80' title='bbox 543 1699 677 1771; x_wconf 82' lang='lat' dir='ltr'><strong>meminit</strong></span> <span class='ocrx_word' id='word_1_81' title='bbox 689 1705 819 1762; x_wconf 87' lang='lat' dir='ltr'><strong>Joannes</strong></span> <span class='ocrx_word' id='word_1_82' title='bbox 843 1702 881 1762; x_wconf 94' lang='lat' dir='ltr'><strong>de</strong></span> <span class='ocrx_word' id='word_1_83' title='bbox 903 1701 1033 1788; x_wconf 80' lang='lat' dir='ltr'><strong>Hunyad</strong></span> <span class='ocrx_word' id='word_1_84' title='bbox 1048 1706 1262 1778; x_wconf 83' lang='lat' dir='ltr'><strong>Gubernator,</strong></span> 
     </span>
     <span class='ocr_line' id='line_1_13' title="bbox 263 1819 1282 1910; baseline 0.003 -26"><span class='ocrx_word' id='word_1_85' title='bbox 263 1842 381 1884; x_wconf 80' lang='lat' dir='ltr'><strong>causas</strong></span> <span class='ocrx_word' id='word_1_86' title='bbox 399 1819 552 1882; x_wconf 77' lang='lat' dir='ltr'><strong>Procerus</strong></span> <span class='ocrx_word' id='word_1_87' title='bbox 563 1823 736 1904; x_wconf 83' lang='lat' dir='ltr'><strong>Hungariac</strong></span> <span class='ocrx_word' id='word_1_88' title='bbox 753 1821 828 1884; x_wconf 83' lang='lat' dir='ltr'><strong>datis</strong></span> <span class='ocrx_word' id='word_1_89' title='bbox 845 1823 884 1885; x_wconf 83' lang='lat' dir='ltr'><strong>ad</strong></span> <span class='ocrx_word' id='word_1_90' title='bbox 902 1825 1067 1908; x_wconf 80' lang='lat' dir='ltr'><strong>Eugenium</strong></span> <span class='ocrx_word' id='word_1_91' title='bbox 1088 1830 1136 1891; x_wconf 75' lang='lat' dir='ltr'><strong>IV·</strong></span> <span class='ocrx_word' id='word_1_92' title='bbox 1153 1822 1282 1910; x_wconf 70' lang='lat' dir='ltr'><strong>Papam*</strong></span> 
     </span>
     <span class='ocr_line' id='line_1_14' title="bbox 276 1941 1263 2037; baseline -0.001 -30"><span class='ocrx_word' id='word_1_93' title='bbox 276 1945 383 2007; x_wconf 83' lang='lat' dir='ltr'><strong>litteris</strong></span> <span class='ocrx_word' id='word_1_94' title='bbox 402 1953 616 2027; x_wconf 84' lang='lat' dir='ltr'><strong>exposuerant.</strong></span> <span class='ocrx_word' id='word_1_95' title='bbox 646 1941 720 2004; x_wconf 87' lang='lat' dir='ltr'><strong>lbid.</strong></span> <span class='ocrx_word' id='word_1_96' title='bbox 744 1966 774 2026; x_wconf 88' lang='lat' dir='ltr'><strong>p.</strong></span> <span class='ocrx_word' id='word_1_97' title='bbox 789 1945 838 2037; x_wconf 68' lang='lat'><strong>33}</strong></span> <span class='ocrx_word' id='word_1_98' title='bbox 868 1956 932 2007; x_wconf 89' lang='lat' dir='ltr'><strong>tum</strong></span> <span class='ocrx_word' id='word_1_99' title='bbox 959 1946 1086 2029; x_wconf 87' lang='lat' dir='ltr'><strong>ipsemet</strong></span> <span class='ocrx_word' id='word_1_100' title='bbox 1107 1946 1204 2029; x_wconf 85' lang='lat' dir='ltr'><strong>palam</strong></span> <span class='ocrx_word' id='word_1_101' title='bbox 1224 1945 1263 2007; x_wconf 88' lang='lat' dir='ltr'><strong>ad</strong></span> 
     </span>
     <span class='ocr_line' id='line_1_15' title="bbox 258 2040 1262 2147; baseline 0.007 -29"><span class='ocrx_word' id='word_1_102' title='bbox 258 2059 448 2143; x_wconf 38' lang='lat' dir='ltr'><strong>‘Principem</strong></span> <span class='ocrx_word' id='word_1_103' title='bbox 466 2064 662 2123; x_wconf 85' lang='lat' dir='ltr'><strong>Venetorum.</strong></span> <span class='ocrx_word' id='word_1_104' title='bbox 681 2058 755 2122; x_wconf 89' lang='lat' dir='ltr'><strong>lbid.</strong></span> <span class='ocrx_word' id='word_1_105' title='bbox 773 2083 806 2144; x_wconf 80' lang='lat' dir='ltr'><strong>p·</strong></span> <span class='ocrx_word' id='word_1_106' title='bbox 824 2040 909 2125; x_wconf 74' lang='lat' dir='ltr'><strong>sset</strong></span> <span class='ocrx_word' id='word_1_107' title='bbox 927 2063 976 2124; x_wconf 83' lang='lat'><strong>39.</strong></span> <span class='ocrx_word' id='word_1_108' title='bbox 1008 2063 1153 2126; x_wconf 83' lang='lat' dir='ltr'><strong>Perfidiae</strong></span> <span class='ocrx_word' id='word_1_109' title='bbox 1170 2066 1262 2147; x_wconf 88' lang='lat' dir='ltr'><strong>proin</strong></span> 
     </span>
     <span class='ocr_line' id='line_1_16' title="bbox 273 2157 1268 2268; baseline -0.002 -25"><span class='ocrx_word' id='word_1_110' title='bbox 273 2202 375 2268; x_wconf 81' lang='lat' dir='ltr'><strong>poena</strong></span> <span class='ocrx_word' id='word_1_111' title='bbox 390 2178 429 2241; x_wconf 90' lang='lat' dir='ltr'><strong>de</strong></span> <span class='ocrx_word' id='word_1_112' title='bbox 446 2178 597 2253; x_wconf 81' lang='lat' dir='ltr'><strong>Draculu,</strong></span> <span class='ocrx_word' id='word_1_113' title='bbox 619 2200 637 2238; x_wconf 83' lang='lat' dir='ltr'><strong>a</strong></span> <span class='ocrx_word' id='word_1_114' title='bbox 656 2200 718 2261; x_wconf 88' lang='lat' dir='ltr'><strong>quo</strong></span> <span class='ocrx_word' id='word_1_115' title='bbox 741 2157 846 2262; x_wconf 78' lang='lat' dir='ltr'><strong>captus</strong></span> <span class='ocrx_word' id='word_1_116' title='bbox 861 2180 1034 2252; x_wconf 83' lang='lat' dir='ltr'><strong>tenebatur,</strong></span> <span class='ocrx_word' id='word_1_117' title='bbox 1052 2196 1171 2267; x_wconf 65' lang='lat' dir='ltr'><strong>canem,</strong></span> <span class='ocrx_word' id='word_1_118' title='bbox 1194 2203 1268 2242; x_wconf 78' lang='lat' dir='ltr'><strong>con·</strong></span> 
     </span>
     <span class='ocr_line' id='line_1_17' title="bbox 276 2292 1264 2385; baseline -0.002 -21"><span class='ocrx_word' id='word_1_119' title='bbox 276 2301 381 2365; x_wconf 82' lang='lat' dir='ltr'><strong>cordia</strong></span> <span class='ocrx_word' id='word_1_120' title='bbox 405 2321 460 2383; x_wconf 91' lang='lat' dir='ltr'><strong>per</strong></span> <span class='ocrx_word' id='word_1_121' title='bbox 480 2320 624 2382; x_wconf 84' lang='lat' dir='ltr'><strong>proceres</strong></span> <span class='ocrx_word' id='word_1_122' title='bbox 645 2300 757 2360; x_wconf 86' lang='lat' dir='ltr'><strong>frustra</strong></span> <span class='ocrx_word' id='word_1_123' title='bbox 787 2307 902 2361; x_wconf 76' lang='lat' dir='ltr'><strong>tentata</strong></span> <span class='ocrx_word' id='word_1_124' title='bbox 925 2292 1015 2385; x_wconf 78' lang='lat' dir='ltr'><strong>(Pray</strong></span> <span class='ocrx_word' id='word_1_125' title='bbox 1039 2298 1264 2363; x_wconf 79' lang='lat' dir='ltr'><strong>Anna1.1&#39;.111.</strong></span> 
     </span>
    </p>

    <p class='ocr_par' dir='ltr' id='par_1_5' title="bbox 192 2407 1266 2507">
     <span class='ocr_line' id='line_1_18' title="bbox 192 2407 1266 2507; baseline 0.004 -27"><span class='ocrx_word' id='word_1_126' title='bbox 192 2434 199 2445; x_wconf 84' lang='lat'><strong><em>‘</em></strong></span> <span class='ocrx_word' id='word_1_127' title='bbox 278 2446 309 2506; x_wconf 84' lang='lat' dir='ltr'><strong>p.</strong></span> <span class='ocrx_word' id='word_1_128' title='bbox 327 2424 380 2480; x_wconf 87' lang='grc'><strong>47.</strong></span> <span class='ocrx_word' id='word_1_129' title='bbox 398 2422 449 2480; x_wconf 88' lang='lat'><strong>48.</strong></span> <span class='ocrx_word' id='word_1_130' title='bbox 469 2407 531 2498; x_wconf 73' lang='lat'><strong>50.)</strong></span> <span class='ocrx_word' id='word_1_131' title='bbox 562 2419 739 2503; x_wconf 83' lang='lat' dir='ltr'><strong>Hunyadius</strong></span> <span class='ocrx_word' id='word_1_132' title='bbox 756 2409 855 2482; x_wconf 80' lang='lat' dir='ltr'><strong>castra</strong></span> <span class='ocrx_word' id='word_1_133' title='bbox 871 2424 1041 2489; x_wconf 72' lang='lat' dir='ltr'><strong>surarum</strong></span> <span class='ocrx_word' id='word_1_134' title='bbox 1052 2409 1158 2507; x_wconf 83' lang='lat' dir='ltr'><strong>usqne</strong></span> <span class='ocrx_word' id='word_1_135' title='bbox 1170 2420 1266 2485; x_wconf 81' lang='lat' dir='ltr'><strong>movit</strong></span> 
     </span>
    </p>

    <p class='ocr_par' dir='ltr' id='par_1_6' title="bbox 160 2526 950 2625">
     <span class='ocr_line' id='line_1_19' title="bbox 160 2526 950 2625; baseline -0.006 -19"><span class='ocrx_word' id='word_1_136' title='bbox 160 2528 163 2535; x_wconf 41' lang='lat'>⁸</span> <span class='ocrx_word' id='word_1_137' title='bbox 279 2547 342 2608; x_wconf 85' lang='lat' dir='ltr'><strong>Vll·</strong></span> <span class='ocrx_word' id='word_1_138' title='bbox 360 2538 554 2625; x_wconf 84' lang='lat' dir='ltr'><strong>Septembris.</strong></span> <span class='ocrx_word' id='word_1_139' title='bbox 943 2526 950 2533; x_wconf 59' lang='grc'><strong><em>’</em></strong></span> 
     </span>
    </p>
   </div>
   <div class='ocr_carea' id='block_1_4' title="bbox 100 2754 1269 4104">
    <p class='ocr_par' dir='ltr' id='par_1_7' title="bbox 181 2754 1269 2989">
     <span class='ocr_line' id='line_1_20' title="bbox 665 2754 788 2832; baseline 0.008 -1"><span class='ocrx_word' id='word_1_140' title='bbox 665 2754 788 2832; x_wconf 89' lang='grc' dir='ltr'><strong><em>ΧΧΧ.</em></strong></span> 
     </span>
     <span class='ocr_line' id='line_1_21' title="bbox 181 2886 1269 2989; baseline -0.003 -16"><span class='ocrx_word' id='word_1_141' title='bbox 181 2902 346 2973; x_wconf 74' lang='lat' dir='ltr'><strong>Fridm&#39;co</strong></span> <span class='ocrx_word' id='word_1_142' title='bbox 363 2909 487 2971; x_wconf 75' lang='lat' dir='ltr'><strong>caesari</strong></span> <span class='ocrx_word' id='word_1_143' title='bbox 496 2909 639 2987; x_wconf 83' lang='lat' dir='ltr'><strong>sormam</strong></span> <span class='ocrx_word' id='word_1_144' title='bbox 655 2903 857 2966; x_wconf 73' lang='lat' dir='ltr'><strong>induciarum</strong></span> <span class='ocrx_word' id='word_1_145' title='bbox 876 2928 934 2989; x_wconf 78' lang='lat' dir='ltr'><strong>per</strong></span> <span class='ocrx_word' id='word_1_146' title='bbox 955 2886 1269 2972; x_wconf 64' lang='lat' dir='ltr'><strong>nataam&#39;comttam</strong></span> 
     </span>
    </p>

    <p class='ocr_par' dir='ltr' id='par_1_8' title="bbox 281 3005 787 3074">
     <span class='ocr_line' id='line_1_22' title="bbox 281 3005 787 3074; baseline -0.004 0"><span class='ocrx_word' id='word_1_147' title='bbox 281 3012 378 3074; x_wconf 72' lang='lat' dir='ltr'><strong>Cilica</strong></span> <span class='ocrx_word' id='word_1_148' title='bbox 396 3010 593 3074; x_wconf 77' lang='lat' dir='ltr'><strong>transmittit.</strong></span> <span class='ocrx_word' id='word_1_149' title='bbox 615 3005 675 3070; x_wconf 79' lang='lat' dir='ltr'><strong>An·</strong></span> <span class='ocrx_word' id='word_1_150' title='bbox 698 3007 787 3072; x_wconf 87' lang='grc'><strong>1446.</strong></span> 
     </span>
    </p>

    <p class='ocr_par' dir='ltr' id='par_1_9' title="bbox 100 3134 1267 4104">
     <span class='ocr_line' id='line_1_23' title="bbox 293 3134 1267 3228; baseline 0.002 -3"><span class='ocrx_word' id='word_1_151' title='bbox 293 3153 420 3226; x_wconf 69' lang='lat' dir='ltr'><strong>&#39;Primo</strong></span> <span class='ocrx_word' id='word_1_152' title='bbox 441 3149 520 3224; x_wconf 86' lang='lat' dir='ltr'><strong>vult</strong></span> <span class='ocrx_word' id='word_1_153' title='bbox 539 3147 719 3222; x_wconf 90' lang='lat' dir='ltr'><strong>Dominus</strong></span> <span class='ocrx_word' id='word_1_154' title='bbox 744 3145 979 3222; x_wconf 85' lang='lat' dir='ltr'><strong>Gubernator</strong></span> <span class='ocrx_word' id='word_1_155' title='bbox 996 3134 1043 3224; x_wconf 61' lang='lat' dir='ltr'><strong>ac&#39;</strong></span> <span class='ocrx_word' id='word_1_156' title='bbox 1055 3151 1138 3225; x_wconf 91' lang='lat' dir='ltr'><strong>DD.</strong></span> <span class='ocrx_word' id='word_1_157' title='bbox 1155 3153 1267 3228; x_wconf 90' lang='lat' dir='ltr'><strong>Baro·</strong></span> 
     </span>
     <span class='ocr_line' id='line_1_24' title="bbox 185 3249 1265 3360; baseline 0 -26"><span class='ocrx_word' id='word_1_158' title='bbox 185 3255 258 3334; x_wconf 88' lang='lat' dir='ltr'><strong>nes</strong></span> <span class='ocrx_word' id='word_1_159' title='bbox 273 3259 400 3360; x_wconf 83' lang='lat' dir='ltr'><strong>Regni·</strong></span> <span class='ocrx_word' id='word_1_160' title='bbox 415 3257 639 3358; x_wconf 83' lang='lat' dir='ltr'><strong>Hungariae,</strong></span> <span class='ocrx_word' id='word_1_161' title='bbox 676 3251 779 3354; x_wconf 87' lang='lat' dir='ltr'><strong>quod</strong></span> <span class='ocrx_word' id='word_1_162' title='bbox 809 3249 949 3355; x_wconf 79' lang='lat' dir='ltr'><strong>obliget</strong></span> <span class='ocrx_word' id='word_1_163' title='bbox 977 3281 1015 3330; x_wconf 90' lang='lat' dir='ltr'><strong>se</strong></span> <span class='ocrx_word' id='word_1_164' title='bbox 1038 3258 1085 3338; x_wconf 85' lang='lat' dir='ltr'><strong>D.</strong></span> <span class='ocrx_word' id='word_1_165' title='bbox 1101 3258 1265 3351; x_wconf 87' lang='lat' dir='ltr'><strong>Vlricus,</strong></span> 
     </span>
     <span class='ocr_line' id='line_1_25' title="bbox 100 3356 1267 3454; baseline 0 -15"><span class='ocrx_word' id='word_1_166' title='bbox 100 3372 103 3382; x_wconf 89' lang='lat'>&#39;</span> <span class='ocrx_word' id='word_1_167' title='bbox 130 3371 136 3400; x_wconf 80' lang='lat'>⁷</span> <span class='ocrx_word' id='word_1_168' title='bbox 188 3367 320 3447; x_wconf 77' lang='lat' dir='ltr'><strong>Comes</strong></span> <span class='ocrx_word' id='word_1_169' title='bbox 337 3364 469 3454; x_wconf 78' lang='lat' dir='ltr'><strong>Cibus,</strong></span> <span class='ocrx_word' id='word_1_170' title='bbox 496 3360 565 3435; x_wconf 89' lang='lat' dir='ltr'><strong>sub</strong></span> <span class='ocrx_word' id='word_1_171' title='bbox 589 3357 683 3451; x_wconf 87' lang='lat' dir='ltr'><strong>fide,</strong></span> <span class='ocrx_word' id='word_1_172' title='bbox 701 3356 941 3453; x_wconf 85' lang='lat' dir='ltr'><strong>humanitate,</strong></span> <span class='ocrx_word' id='word_1_173' title='bbox 960 3360 1054 3435; x_wconf 88' lang='lat' dir='ltr'><strong>fama</strong></span> <span class='ocrx_word' id='word_1_174' title='bbox 1071 3360 1267 3439; x_wconf 88' lang='lat' dir='ltr'><strong>ethonore</strong></span> 
     </span>
     <span class='ocr_line' id='line_1_26' title="bbox 185 3463 1265 3571; baseline -0.003 -26"><span class='ocrx_word' id='word_1_175' title='bbox 185 3472 280 3563; x_wconf 87' lang='lat' dir='ltr'><strong>suis,</strong></span> <span class='ocrx_word' id='word_1_176' title='bbox 312 3486 353 3543; x_wconf 93' lang='lat' dir='ltr'><strong>ut</strong></span> <span class='ocrx_word' id='word_1_177' title='bbox 376 3470 454 3571; x_wconf 90' lang='lat' dir='ltr'><strong>ipse</strong></span> <span class='ocrx_word' id='word_1_178' title='bbox 478 3492 593 3568; x_wconf 88' lang='lat' dir='ltr'><strong>usque</strong></span> <span class='ocrx_word' id='word_1_179' title='bbox 621 3464 755 3538; x_wconf 81' lang='lat' dir='ltr'><strong>festum</strong></span> <span class='ocrx_word' id='word_1_180' title='bbox 778 3463 1044 3544; x_wconf 87' lang='lat' dir='ltr'><strong>Purificationis</strong></span> <span class='ocrx_word' id='word_1_181' title='bbox 1071 3470 1110 3541; x_wconf 91' lang='lat' dir='ltr'><strong>B.</strong></span> <span class='ocrx_word' id='word_1_182' title='bbox 1139 3469 1191 3544; x_wconf 90' lang='lat' dir='ltr'><strong>M.</strong></span> <span class='ocrx_word' id='word_1_183' title='bbox 1220 3470 1265 3545; x_wconf 89' lang='lat' dir='ltr'><strong>V.</strong></span> 
     </span>
     <span class='ocr_line' id='line_1_27' title="bbox 176 3571 1267 3663; baseline -0.002 -13"><span class='ocrx_word' id='word_1_184' title='bbox 176 3602 283 3650; x_wconf 79' lang='lat' dir='ltr'><strong>nunc</strong></span> <span class='ocrx_word' id='word_1_185' title='bbox 305 3591 515 3663; x_wconf 87' lang='lat' dir='ltr'><strong>venturum,</strong></span> <span class='ocrx_word' id='word_1_186' title='bbox 543 3571 930 3646; x_wconf 87' lang='lat' dir='ltr'><strong>castrumJaurinense</strong></span> <span class='ocrx_word' id='word_1_187' title='bbox 951 3575 998 3647; x_wconf 93' lang='lat' dir='ltr'><strong>D.</strong></span> <span class='ocrx_word' id='word_1_188' title='bbox 1019 3574 1267 3649; x_wconf 84' lang='lat' dir='ltr'><strong>Gubernatori</strong></span> 
     </span>
     <span class='ocr_line' id='line_1_28' title="bbox 120 3676 1265 3779; baseline -0.001 -23"><span class='ocrx_word' id='word_1_189' title='bbox 120 3684 124 3691; x_wconf 81' lang='grc'><strong>’</strong></span> <span class='ocrx_word' id='word_1_190' title='bbox 184 3697 222 3756; x_wconf 88' lang='lat' dir='ltr'><strong>et</strong></span> <span class='ocrx_word' id='word_1_191' title='bbox 240 3683 323 3755; x_wconf 91' lang='lat' dir='ltr'><strong>DD.</strong></span> <span class='ocrx_word' id='word_1_192' title='bbox 346 3678 549 3764; x_wconf 88' lang='lat' dir='ltr'><strong>Baronibus</strong></span> <span class='ocrx_word' id='word_1_193' title='bbox 575 3678 678 3779; x_wconf 83' lang='lat' dir='ltr'><strong>regni</strong></span> <span class='ocrx_word' id='word_1_194' title='bbox 696 3676 924 3778; x_wconf 84' lang='lat' dir='ltr'><strong>Hungariae,</strong></span> <span class='ocrx_word' id='word_1_195' title='bbox 953 3705 1051 3754; x_wconf 92' lang='lat' dir='ltr'><strong>nunc</strong></span> <span class='ocrx_word' id='word_1_196' title='bbox 1074 3707 1117 3754; x_wconf 92' lang='lat' dir='ltr'><strong>ac</strong></span> <span class='ocrx_word' id='word_1_197' title='bbox 1139 3681 1265 3755; x_wconf 84' lang='lat' dir='ltr'><strong>simili·</strong></span> 
     </span>
     <span class='ocr_line' id='line_1_29' title="bbox 117 3778 1261 3879; baseline 0.001 -18"><span class='ocrx_word' id='word_1_198' title='bbox 117 3840 119 3844; x_wconf 30' lang='grc' dir='ltr'>ψ</span> <span class='ocrx_word' id='word_1_199' title='bbox 176 3803 243 3861; x_wconf 76' lang='lat' dir='ltr'><strong>‘ter</strong></span> <span class='ocrx_word' id='word_1_200' title='bbox 262 3803 299 3861; x_wconf 90' lang='lat' dir='ltr'><strong>et</strong></span> <span class='ocrx_word' id='word_1_201' title='bbox 318 3778 571 3860; x_wconf 70' lang='lat' dir='ltr'><strong>occasionibus</strong></span> <span class='ocrx_word' id='word_1_202' title='bbox 590 3809 634 3857; x_wconf 85' lang='lat' dir='ltr'><strong>ac</strong></span> <span class='ocrx_word' id='word_1_203' title='bbox 653 3784 800 3857; x_wconf 85' lang='lat' dir='ltr'><strong>cautelis</strong></span> <span class='ocrx_word' id='word_1_204' title='bbox 823 3784 992 3860; x_wconf 88' lang='lat' dir='ltr'><strong>omnibus</strong></span> <span class='ocrx_word' id='word_1_205' title='bbox 1016 3786 1261 3879; x_wconf 86' lang='lat' dir='ltr'><strong>cessantibus,</strong></span> 
     </span>
     <span class='ocr_line' id='line_1_30' title="bbox 179 3889 1260 3994; baseline -0.003 -28"><span class='ocrx_word' id='word_1_206' title='bbox 179 3892 312 3968; x_wconf 89' lang='lat' dir='ltr'><strong>reddet</strong></span> <span class='ocrx_word' id='word_1_207' title='bbox 335 3908 372 3966; x_wconf 90' lang='lat' dir='ltr'><strong>et</strong></span> <span class='ocrx_word' id='word_1_208' title='bbox 390 3890 604 3994; x_wconf 82' lang='lat' dir='ltr'><strong>resignabit3</strong></span> <span class='ocrx_word' id='word_1_209' title='bbox 640 3890 704 3991; x_wconf 93' lang='lat' dir='ltr'><strong>qui</strong></span> <span class='ocrx_word' id='word_1_210' title='bbox 726 3891 757 3964; x_wconf 86' lang='lat' dir='ltr'><strong>si</strong></span> <span class='ocrx_word' id='word_1_211' title='bbox 775 3889 875 3964; x_wconf 91' lang='lat' dir='ltr'><strong>idem</strong></span> <span class='ocrx_word' id='word_1_212' title='bbox 894 3890 1013 3967; x_wconf 86' lang='lat' dir='ltr'><strong>facere</strong></span> <span class='ocrx_word' id='word_1_213' title='bbox 1030 3893 1167 3982; x_wconf 90' lang='lat' dir='ltr'><strong>nollet,</strong></span> <span class='ocrx_word' id='word_1_214' title='bbox 1196 3907 1260 3967; x_wconf 84' lang='lat' dir='ltr'><strong>aut</strong></span> 
     </span>
     <span class='ocr_line' id='line_1_31' title="bbox 175 3995 1260 4104; baseline -0.002 -30"><span class='ocrx_word' id='word_1_215' title='bbox 175 4023 256 4080; x_wconf 78' lang='lat' dir='ltr'><strong>non</strong></span> <span class='ocrx_word' id='word_1_216' title='bbox 271 4011 414 4104; x_wconf 86' lang='lat' dir='ltr'><strong>posset,</strong></span> <span class='ocrx_word' id='word_1_217' title='bbox 449 4013 585 4076; x_wconf 79' lang='lat' dir='ltr'><strong>extunc</strong></span> <span class='ocrx_word' id='word_1_218' title='bbox 612 3995 692 4102; x_wconf 86' lang='lat' dir='ltr'><strong>ipse</strong></span> <span class='ocrx_word' id='word_1_219' title='bbox 721 3995 942 4103; x_wconf 82' lang='lat' dir='ltr'><strong>foedifragus</strong></span> <span class='ocrx_word' id='word_1_220' title='bbox 966 3998 1113 4093; x_wconf 79' lang='lat' dir='ltr'><strong>existat,</strong></span> <span class='ocrx_word' id='word_1_221' title='bbox 1141 3995 1260 4073; x_wconf 87' lang='lat' dir='ltr'><strong>bono-</strong></span> 
     </span>
    </p>
   </div>
   <div class='ocr_carea' id='block_1_5' title="bbox 0 0 1358 4568">
    <p class='ocr_par' dir='ltr' id='par_1_10' title="bbox 0 0 1358 4568">
     <span class='ocr_line' id='line_1_32' title="bbox 0 0 1358 4568; baseline 0 5"><span class='ocrx_word' id='word_1_222' title='bbox 0 0 1358 4568; x_wconf 95' lang='lat' dir='ltr'><strong> </strong></span> 
     </span>
    </p>
   </div>
  </div>
 </body>
</html>
