2708 4568
61 292 65 301 =
144 243 229 351 2¹².

143 619 358 705 Haesermtiu
379 618 495 711 Jounpi
515 611 554 676 ule
577 609 737 694 Hunyas,
761 609 878 707 Cespite*
891 613 1108 690 astruunt,
1131 608 1225 682 dato.

233 717 295 783 Aa.
312 716 406 781 tttt.
636 747 639 751 ·
971 716 973 722 ‘
1141 752 1145 765 =

249 854 484 932 Sanoussimo
502 851 667 957 Domino
689 862 759 942 eto.
780 848 990 927 Beatissimo
1004 852 1116 930 'Pater
1133 870 1222 957 post

133 960 307 1039 humilem
329 962 453 1036 ‚nostri
484 955 836 1043 commendationem
868 975 905 1030 et
932 960 1058 1074 oscula
1083 963 1222 1064 pedum

114 1067 336 1158 beatorum.
374 1068 559 1143 concusso
589 1061 792 1163 terroribus
813 1059 1015 1140 infidelium
1033 1067 1127 1143 orbe
1149 1087 1231 1144 no·'

133 1189 235 1270 stru,
267 1175 433 1277 graviter
449 1168 641 1247 ferendum
663 1166 905 1263 ducebamus,
938 1170 1132 1275 lugubrem
1149 1172 1221 1252 buc

132 1280 348 1385 tempestate
361 1282 400 1352 et
417 1280 642 1381 insperatum
648 1273 797 1350 'obium
807 1276 1025 1352 sanctissimi
1034 1277 1097 1354 iel.
1107 1306 1227 1357 mem·

29 1477 35 1488 η
130 1385 438 1485 DominiNicolai
453 1384 575 1487 Papae¹
588 1381 650 1476 V,
670 1383 736 1485 qui
747 1380 925 1458 sidetes
941 1389 1110 1487 magnam
1129 1410 1220 1467 suae

43 1485 47 1496 ’
129 1491 325 1597 probitatis
353 1491 565 1592 opinionem
591 1487 662 1563 illis
688 1488 923 1591 potissimum
937 1489 1080 1567 indiciis
1096 1494 1246 1595 mam,

129 1595 300 1673 omnibus
326 1594 607 1679 commendabat
623 1630 654 1688 ,·
683 1588 786 1697 quod
801 1595 853 1668 -in
882 1591 987 1680 buius
1012 1599 1222 1700 pestilentie

40 1783 62 1803 ,-
130 1696 306 1806 temporis
321 1701 522 1807 frigoribus
542 1717 666 1805 sancto
682 1700 751 1776 suo
776 1700 979 1803 apostolico
994 1705 1138 1800 nomini,
1149 1730 1215 1779 cu·

130 1824 210 1884 ram
229 1812 368 1915 pariter
388 1835 432 1884 ac
458 1804 740 1885 sollicitudinem
758 1807 956 1909 apostolici,
965 1808 1120 1884 Pastoris
1146 1809 1215 1911 ad·

30 1928 33 1933 '
129 1915 278 1992 iecerat.
297 1916 349 1990 At
361 1940 458 1989 nunc
475 1914 652 2016 susceptis
671 1912 801 2005 litteris
818 1912 1056 1991 Beatitudiuis
1071 1916 1213 1995 vestrae

129 2039 173 2096 a'c
198 2022 307 2098 simul
332 2016 719 2102 reverendissimorum
745 2018 791 2093 de
820 2044 925 2094 sacro
950 2017 1103 2126 cullegIo
1125 2046 1214 2101 cum

128 2129 429 2225 intellexissemus
456 2152 565 2228 quam
585 2125 649 2226 pio
672 2125 886 2207 Dei·nostri
905 2124 1045 2203 iudicio
1073 2143 1111 2202 ct
1129 2128 1222 2233 ipse·

124 2232 385 2337 praedecessor
407 2232 622 2317 'sanctitatis
649 2229 800 2306 Vestrae
827 2228 1024 2333 quieverit,
1064 2237 1213 2339 etipsa
1240 2242 1244 2247 ’

77 2352 81 2357 ’
125 2357 246 2415 vestra
265 2334 698 2438 Sanctitas'successerit,
727 2339 766 2412 in
785 2338 1069 2431 consolationem
1087 2366 1220 2417 versus*

127 2463 182 2522 est
202 2470 352 2521 moeror
370 2450 497 2519 n'os'ter
522 2460 560 2516 et
578 2443 754 2535 luctusiu
772 2440 946 2545 gaudium
971 2454 1086 2548 aequa
1109 2472 1212 2523 com·

126 2556 246 2625 munis
260 2550 416 2625 laetitiae
432 2549 574 2624 cunctis
591 2546 724 2621 oborta
743 2565 796 2624 est
814 2551 931 2645 ratio,
958 2577 1025 2653 pur
1047 2552 1211 2631 studium

126 2673 164 2732 et
187 2654 387 2730 conformis
417 2652 565 2729 devotio
600 2653 747 2729 incessit
780 2652 826 2728 ad
855 2657 985 2758 'gratias
1010 2655 1220 2758 superinde·

125 2763 269 2837 auctori
298 2754 484 2836 bonorum
516 2759 701 2852 omnium,
733 2753 976 2863 peragendas,
1005 2769 1108 2840 cuius
1135 2765 1214 2840 cle·¹

33 2872 36 2877 ’
126 2870 241 2944 menti
256 2866 487 2972 providentia
514 2864 635 2941 a‘ctum
658 2870 909 2970 percepimus,
933 2884 1032 2944 utet
1054 2846 1210 2976 praede-¹

127 3000 251 3051 cessor
269 2977 347 3081 ipse
365 2971 580 3049 reficeretur
597 2970 705 3072 digne
721 2999 790 3085 pro
808 2971 994 3050 laboribus
1011 2989 1048 3050 et
1062 3002 1210 3053 succes·

128 3086 193 3156 sor
208 3079 360 3156 idoneus
377 3079 448 3182 piis
466 3078 638 3154 oneribus
650 3077 924 3177 praeficeretur.
953 3080 1059 3156 Obiit
1072 3083 1135 3158 ille
1153 3080 1207 3158 fe·

123 3187 230 3263 licem
238 3203 408 3279 mortem,
423 3184 483 3260 hic
499 3184 606 3288 pium
616 3182 779 3260 laborem
795 3183 896 3260 adiit:
922 3193 1078 3291 uterque
1093 3214 1208 3290 purae

124 3291 328 3393 devotionis
347 3291 540 3386 fidelium,
563 3317 676 3393 purae
700 3293 940 3393 venerationis
959 3295 1065 3383 cultu
1075 3319 1206 3396 prose·

125 3399 304 3503 quendus.
340 3396 479 3473 Verum
504 3399 601 3473 inter
628 3392 717 3471 baec
743 3422 788 3472 eo
806 3403 985 3501 ‘respectu
1005 3401 1205 3505 praecipue

122 3506 364 3607 gratulamur,
399 3530 497 3578 nuuc
525 3517 669 3577 sanctae
689 3500 908 3605 apostolicae
921 3499 1019 3600 sedi,
1045 3507 1204 3610 gratula-

123 3638 206 3686 mur
222 3628 260 3685 et
284 3610 412 3702 nobis,
441 3634 482 3705 ac
496 3608 576 3698 toti
604 3609 710 3687 simul
727 3610 949 3712 reipublicae
966 3609 1200 3708 christianae,

123 3721 184 3791 cui
202 3733 420 3822 opportuno·
436 3733 535 3790 recte
555 3728 719 3816 tempore
736 3713 1011 3791 denunciatum:
1032 3719 1201 3794 Pontifex

121 3819 245 3917 datus,
279 3838 452 3914 sanctus,
481 3823 668 3922 religiosus
693 3836 731 3896 et
752 3824 854 3925 pius,
888 3823 953 3925 qui
987 3822 1199 3929 dupplicato

21 3943 26 3949 “
64 4020 67 4025 Ι
119 3928 332 4004 sanctissimi
347 3926 633 4031 praedecessoris
659 3929 715 4005 stri
732 3929 859 4032 spiritu
880 3944 1044 4025 erectus,
1070 3929 1117 4008 ad
1136 3959 1200 4008 cu·
