2708 4568
1104 388 1108 398 ·
1153 206 1229 375 ui

152 516 195 569 ac
208 502 412 597 ,proventus
435 489 555 595 regios
573 489 689 569 mmsis
704 494 848 570 nunciis
867 490 1055 599 repetitos,
1072 486 1233 599 ¹red-dere

152 614 321 673 moratus.
332 636 387 656 -
398 595 561 675 Inductis
579 599 710 677 Turcis
727 626 881 707 regnum
896 617 1064 705 nostrum
1079 602 1233 679 Rosciae

151 704 230 781 fere
255 719 397 797 totum,
427 728 494 809 per
514 702 663 781 eosdem
690 703 926 809 depopulari,
957 706 1182 815 depraedari·
1197 726 1236 784 et

151 806 324 905 combmi
335 866 346 904 ,
373 810 547 889 illustrem
565 810 773 917 Principem
792 812 1012 919 Georgium,
1034 806 1237 921 Despotum

151 915 326 1009 Rosciae,
349 916 529 991 Maiestoti
547 933 692 992 nostrae
710 916 970 1015 fideiissimum,
991 948 1059 1025 per
1074 912 1236 999 Michae-

112 1018 120 1122 ',
153 1023 228 1107 lem
255 1020 442 1124 Zylagha,
461 1046 585 1123 ”quem
610 1024 851 1127 Casteilenum
883 1029 923 1101 in
943 1043 1075 1101 ··castro
1108 1020 1237 1105 nostin

129 1124 447 1205 'Nandoralbensi
467 1128 722 1235 deputaverat,
739 1132 929 1233 amputatis
948 1131 1067 1238 digitis
1087 1132 1237 1209 dextrae

152 1229 300 1330 manus,
336 1237 497 1341 capivari
520 1232 628 1331 fecit,
661 1252 699 1313 et
716 1238 855 1337 tamdiu
882 1241 1018 1335 tenuit,
1072 1265 1259 1345 nouoque,
1309 1276 1312 1283 ·

154 1367 320 1444 magnam
346 1342 462 1419 abeo
488 1343 663 1449 pecuniae
690 1368 867 1421 summam
886 1372 954 1449 per
974 1266 1240 1425 eumdem'Mi-
1324 1365 1327 1370 ·

156 1444 322 1547 chaelem'
335 1463 586 1553 ertorqueret‘
613 1490 664 1543 -Ι
683 1447 844 1557 (Transit
863 1450 1135 1529 adLedislaum
1149 1452 1241 1527 Cor·

155 1553 282 1659 vinum
308 1552 618 1659 insimulandum)
640 1558 813 1649 -Dum
834 1584 902 1633 nos
932 1557 978 1633 ad
1007 1578 1092 1634 vota
1120 1574 1158 1632 et
1185 1558 1266 1647 in·¹

155 1654 323 1759 stantiam
340 1659 613 1757 Praelatorum
632 1662 818 1739 Beronum
848 1680 918 1740 ete.
946 1661 993 1737 de
1022 1663 1156 1739 ducatu
1173 1689 1243 1736 no·

156 1780 234 1840 stro
250 1762 694 1861 Ananiae-movissemus,
718 1770 973 1871 civitatemque
992 1786 1156 1858 nostram
1172 1770 1243 1843 Bu·

158 1869 306 1945 densem
325 1871 628 1975 applicuissemus,
646 1871 958 1950 indixeramus'de
982 1874 1136 1949 consilio
1149 1874 1243 1975 ipso·

156 2002 241 2050 rum
262 1974 513 2067 Praelatorum
542 1997 578 2054 et
605 1981 922 2085 congregationem
946 1978 984 2056 in
1008 1977 1169 2071 Futhak,
1204 1983 1244 2051 in

156 2081 256 2159 facto
283 2085 486 2163 Turcarum
516 2078 791 2178 celebrandam,
830 2086 1111 2187 vocavimusque
1147 2085 1244 2169 inter

157 2188 247 2265 alios
279 2186 483 2313 praefatum
507 2189 710 2266 Ladislaum
733 2191 1062 2267 adolescentiorem
1089 2185 1244 2291 praefati

157 2296 309 2393 Joanms
334 2296 628 2388 Gubernatoris,
653 2336 708 2407 7-
731 2315 777 2397 ¹ut
804 2300 967 2391 veniret,
995 2313 1288 2401 proponentes·

158 2404 277 2504 ipsum
302 2402 405 2477 lateri
434 2420 563 2477 nostro
585 2400 724 2493 ‚habere
749 2405 987 2499 continuum,
1012 2403 1077 2477 sed
1096 2443 1148 2458 -
1166 2403 1244 2505 ipse

160 2506 265 2589 suum
290 2502 395 2593 nobis
420 2500 845 2612 denegebat·acoessum‚
880 2512 952 2585 nisi
971 2511 1075 2614 prius
1095 2535 1180 2589 eum
1200 2534 1243 2582 ac

114 2677 118 2684 .
159 2610 361 2716 praefatum
376 2612 550 2689 Mathiam
567 2610 777 2720 germanum
791 2642 897 2701 suum
913 2617 1061 2716 desuis,
1080 2642 1122 2690 ao
1143 2641 1243 2689 eum·

159 2721 243 2797 dem
261 2719 416 2797 condam
433 2722 612 2797 Joannem
639 2721 685 2797 de
698 2716 876 2823 Hunyad,
900 2726 1103 2827 genitorem
1118 2747 1243 2813 suum,
1315 2777 1320 2785 .

162 2829 226 2930 qui
239 2826 343 2930 regni
358 2828 475 2905 nostri
492 2823 696 2931 Hungiriae
714 2826 968 2922 Gubernator,
991 2829 1244 2933 collectorque

160 2935 335 3038 generalis
358 2949 604 3037 proventuum
620 2947 831 3009 nostrorum
850 2934 1025 3036 regalium
1039 2959 1105 3037 per
1121 2928 1249 3034 plures.

161 3066 275 3116 annos
298 3042 489 3131 extiterat,
526 3036 572 3113 de
598 3030 807 3113 huiusmodi
832 3038 1071 3141 proventibus
1094 3077 1145 3089 -
1167 3034 1247 3123 non

162 3145 245 3221 data
263 3141 404 3221 ratione
422 3142 658 3223 redderemus
679 3132 879 3244 expeditos..
902 3144 948 3249 Et
964 3136 1184 3246 quamquam
1204 3143 1243 3217 in

131 3312 136 3319 .
160 3252 208 3328 eo
224 3252 406 3334 voluntati
432 3277 515 3325 suae
534 3247 756 3342 satisfacere,
783 3252 944 3353 graviter
958 3249 1152 3323 tulerimus
1171 3263 1242 3323 etc.

161 3361 340 3445 ·-.Dum
366 3383 449 3431 cum
479 3357 641 3459 praefato
668 3357 848 3431 avunculo
879 3350 1064 3455 (Cileensi)
1093 3358 1257 3447 nostr0,'

164 3454 387 3567 caeterisque
415 3462 492 3536 aliis
516 3462 942 3570 Beronibus'Hungariae
971 3476 1008 3536 et
1025 3456 1242 3552 Bohemiae,

163 3582 351 3675 paucaque
376 3566 512 3645 familia
537 3568 645 3643 nobis
662 3567 868 3643 immediate
888 3597 909 3643 a
928 3585 1030 3670 tergo
1049 3564 1243 3659 haerente,

163 3670 323 3753 'castrum
339 3680 508 3751 nostrum
522 3670 818 3751 Nendoralbense
835 3669 1126 3780 ingrederemur,
1155 3698 1243 3775 por-
1280 3764 1286 3777 ,

163 3796 219 3859 tae
239 3782 348 3859 castri
365 3778 412 3853 ad
430 3796 559 3856 nutum
576 3806 683 3855 suum
701 3781 902 3886 impetuose
919 3794 1004 3886 post
1015 3805 1082 3855 nos
1098 3772 1246 3853 ‘clausae

164 3886 267 3967 fuere
287 3904 356 3965 etc.
376 3923 427 3941 -
443 3887 635 3963 Postremo
651 3912 718 3963 nos
735 3927 787 3940 —
806 3887 853 3961 ad
872 3902 1032 3962 castrum
1050 3886 1245 3959 Temesvar

163 3990 363 4088 deductos,
391 3989 534 4069 anobis
558 3993 814 4099 promissiones
835 3994 988 4088 iuratae,
1010 3992 1118 4069 etiem
1132 4007 1170 4065 et
1186 3988 1245 4097 lit-
