2708 4568
1137 331 1211 402 tas
1322 308 1326 315 '

135 559 248 641 quam
270 534 517 640 propulsanda
536 533 637 626 laec,
655 539 776 639 putria
797 554 922 614 nostra
941 536 1124 630 sufficiens
1143 536 1220 612 fue·

132 649 207 738 rit,
228 668 325 746 quae
344 644 415 718 nisi
434 644 589 717 stetisset
607 641 693 737 fide,
714 644 859 746 opibus,
880 672 979 739 reor,
1001 670 1076 720 non
1092 643 1218 718 fuisset

134 769 285 826 statura.
328 751 442 824 lam
475 775 618 850 supro
652 754 895 854 sexaginta
931 765 1217 828 numeramus

135 886 189 931 an
201 874 307 946 nos,
335 855 469 957 quibua
489 881 584 959 pene
601 859 783 932 continuis
798 855 929 932 furiam
943 860 1062 950 illam,
1087 857 1215 933 facem·
1324 870 1327 875 ’

82 986 87 1005 ¹
132 991 206 1068 que
236 961 419 1039 bellorum
448 956 677 1055 sustulimus,
723 965 761 1036 in
784 966 965 1064 privatum
999 990 1142 1054 curam,
1179 965 1215 1035 'tn
1250 968 1252 974 ’

131 1072 272 1177 privata
291 1093 440 1170 quoque
466 1069 571 1140 unius
588 1069 705 1170 gentis
730 1097 828 1142 erma
853 1095 1078 1144 conversam.
1106 1069 1218 1143 Steti·
1318 1101 1327 1130 ·

132 1182 245 1254 timus·
257 1192 447 1276 uteunque
464 1173 587 1247 multis
601 1172 776 1268 cladibus,
801 1175 925 1269 bellis,
945 1162 1137 1250 ffineribus
1156 1199 1217 1246 ex·

129 1283 268 1374 hausti,
297 1277 486 1357 doloribus
507 1279 648 1372 affecti,
669 1280 861 1356 occidione
877 1284 1001 1356 occisi.
1028 1284 1218 1372 Quantum

116 1388 308 1479 'terrorla‚
335 1387 556 1493 pavorisque
577 1386 824 1481 meminimus,
851 1392 925 1462 visu
942 1411 1216 1493 saepenumero

128 1495 292 1573 hostium
307 1511 446 1586 eastra,
474 1494 640 1585 emeris,
667 1492 856 1597 flagrantia
869 1512 985 1588 tecta,
1013 1490 1216 1596 ploratibus

128 1603 233 1693 fora,
261 1601 430 1702 angustiis
455 1599 576 1671 omnia
600 1602 796 1702 completa,
832 1619 1021 1703 praeterea
1046 1600 1215 1674 vastatio·

129 1734 192 1783 nes
210 1708 374 1798 rurium,
394 1703 566 1806 lugubres
591 1703 741 1797 domos,
771 1706 952 1782 obnoxiae
970 1707 1124 1780 fratrum
1148 1730 1216 1778 no·
1328 1722 1336 1734 '¹

129 1833 295 1903 utrorum
321 1837 479 1914 corpora
505 1809 602 1883 hosti
628 1814 838 1915 proposita,
867 1812 1025 1886 ludibria
1048 1813 1214 1886 victoris:

130 1924 258 2023 iugum
275 1915 418 2013 hostile,
439 1914 541 1991 foedi
557 1920 784 2018 captivorum
804 1921 954 2020 agminis
972 1917 1215 1992 miserabilem

130 2031 266 2117 vitam,
296 2042 408 2128 utque
423 2024 528 2125 plura
546 2020 652 2098 brevi
671 2024 911 2124 complectar,
938 2025 1129 2128 plusquam
1148 2020 1216 2095 ho·

129 2134 224 2210 utilia
240 2134 353 2236 passi,
382 2156 511 2232 parum
531 2142 677 2229 praeter
695 2155 794 2203 arma
824 2144 861 2202 et
879 2133 1018 2204 animoa
1031 2185 1047 2222 „
1070 2128 1217 2203 liberta·

130 2243 176 2314 tis
193 2262 388 2330 memores,
405 2236 537 2336 reliqui
556 2231 764 2328 habuimus3
782 2239 993 2339 praesertim
1010 2263 1095 2310 cum
1111 2258 1216 2336 saepe

92 2386 96 2392 ·
131 2345 177 2418 ad
193 2364 359 2420 extrema
388 2341 638 2447 periculorum
667 2358 817 2414 ventum
841 2358 907 2434 stt,
936 2335 1141 2434 ostresele,
1170 2364 1216 2413 an

130 2455 271 2527 maiora
292 2450 455 2541 uincula,
492 2450 723 2548 maioresque
748 2451 976 2524 necessitates
998 2445 1132 2543 uobis,¹
1168 2452 1219 2520 ιη’

129 2560 282 2665 captivis
308 2557 441 2630 nostris
466 2552 614 2628 fortuna
643 2553 936 2630 circumdederit
971 2555 1048 2634 Sed
1076 2558 1114 2629 iu
1139 2552 1213 2647 hir,

127 2681 453 2768 quantumcunque
483 2658 647 2757 difficilia
673 2663 748 2762 pati
767 2664 978 2759 maluimus,
1007 2689 1117 2767 qulam
1139 2688 1214 2737 ser·
1304 2675 1313 2690 ⁸

101 2773 230 2863 mre,
268 2791 482 2872 semperque
511 2764 596 2842 fidei
624 2793 734 2867 quam
763 2795 888 2843 rerum
917 2772 1048 2845 damna
1078 2772 1215 2862 maiore

129 2876 310 2951 duximus
338 2875 498 2950 Satisne
518 2873 628 2973 ‘mittar
645 2874 732 2947 iusti
750 2873 889 2949 doloris
909 2876 1079 2963 occurit?
1105 2903 1216 2980 quan·

132 2979 1217 3086 ‹loquidemnullum-aduersumnospraetermissumeetcru·
1317 3054 1320 3067 ,

131 3087 289 3162 deliretis
313 3110 445 3197 genus,
473 3102 511 3159 et
532 3084 680 3159 nullum·
697 3099 751 3157 est
775 3086 877 3178 satis,
905 3089 978 3162 sive
1004 3088 1213 3179 vincamus,

128 3195 204 3269 sive
223 3196 313 3276 victi
340 3196 467 3268 simus:
503 3190 617 3266 hostis
645 3216 788 3292 semper
813 3191 945 3286 instat,
974 3211 1123 3300 utpote,
1149 3192 1215 3295 qui

129 3299 330 3374 maioribus
359 3325 475 3402 prope
504 3296 675 3372 adversus
696 3318 779 3371 'nos
811 3297 905 3373 odiis
934 3317 1068 3391 oertat,
1106 3321 1216 3400 quam

109 3405 281 3480 ‚viribus
316 3408 424 3479 Nunc
454 3422 605 3508 qusque
635 3400 753 3478 hostis
771 3404 870 3509 ipse,
901 3423 1022 3496 terre,
1050 3409 1215 3508 merique
1333 3406 1335 3412 ’

127 3537 265 3616 magno
283 3513 465 3604 exercitu,
486 3515 613 3615 magna
627 3509 796 3587 mercede
808 3528 974 3607 coemto,
1003 3511 1115 3615 magis
1131 3536 1215 3612 sup-

128 3619 281 3724 plicium
310 3616 356 3692 de
377 3617 485 3719 nobis
514 3640 623 3720 quam
642 3620 832 3693 uictoriam
852 3621 1013 3722 quaerit,
1039 3620 1142 3697 cuius
1160 3621 1216 3692 ui*

128 3727 220 3799 uinis
242 3724 434 3801 insultibus
452 3725 559 3799 'citati
581 3723 629 3797 ad
652 3723 807 3819 bellum,
836 3752 882 3799 ne
897 3742 963 3801 ‘tot
982 3727 1084 3803 malis
1105 3725 1217 3802 adde·

129 3849 237 3907 ‘retur
260 3830 380 3936 culpe,
406 3846 653 3936 exspectatum
671 3828 938 3910 hostemedire
957 3834 1081 3938 magia,
1107 3860 1218 3936 quam

127 3937 311 4014 morando
336 3936 429 4011 adiri
451 3937 655 4029 stamimus3
682 3935 839 4031 inferre,
867 3934 1006 4038 utjlnon
1025 3941 1216 4044 patiemur,

87 4034 90 4039 ’
132 4042 231 4165 bella
257 4045 338 4119 rati.
373 4042 470 4125 Satis
497 4040 712 4144 habeamus,
749 4041 883 4118 vidisse
912 4059 970 4122 tot
996 4045 1218 4151 subiugum
1260 4080 1264 4087 '
