2708 4568
1145 268 1227 406 ιιι

140 528 282 608 cociter
299 522 486 652 conlecta,
515 520 851 629 conditionemque
879 519 977 600 baud
995 518 1227 629 impletarum
1300 568 1302 576 ν

90 682 91 686 =
140 639 221 713 iure
247 652 376 738 rupta,
412 635 451 708 in
467 656 700 737 pugnamque
720 630 964 709 decretoriam
980 629 1029 705 ad
1045 631 1225 730 Varnam,

140 744 328 844 Bulgariae
356 736 533 844 oppidum
559 755 734 834 mutata,
761 739 888 832 saluti,
918 739 1090 841 vitaeque
1116 735 1228 861 Regis
1327 761 1331 764 ’

138 846 313 923 Vladislai
339 847 632 966 necquicquam
633 843 841 948 consuluit,
879 847 1076 946 cavitque,
1099 862 1153 919 ast
1171 848 1227 921 in·

140 982 292 1031 cassum.
317 955 454 1046 Testes,
472 954 664 1055 apartium
676 950 797 1027 studio
814 950 928 1026 alieni
939 949 1053 1026 fidem
1067 951 1230 1026 faciuntr
1318 1048 1320 1053 k

139 1063 323 1152 Laonicus
340 1057 660 1158 Chalcocondylas
655 1058 828 1132 Graecus
847 1073 885 1130 ot
898 1055 1148 1156 Synchronua
1157 1059 1227 1132 ait:

123 1260 125 1264 ι
141 1169 191 1262 „J
193 1163 356 1261 oannes
340 1163 403 1261 (de
419 1160 595 1266 Hunyad)
617 1190 733 1267 quum
752 1163 909 1266 fugasset
928 1166 1104 1238 Asianum
1122 1190 1236 1239 exer*

140 1290 274 1398 crtum,
310 1270 510 1347 accedebat
536 1270 582 1345 ad
610 1297 735 1374 regem
763 1269 1024 1363 Wladislaum,
1069 1295 1226 1374 eumque

138 1488 303 1579 sisteret,
329 1457 408 1560 nec
421 1509 487 1558 eos
511 1511 705 1600 quoquam
728 1483 831 1561 abire
857 1501 1065 1589 pateretur,
1093 1501 1135 1558 ut
1152 1483 1227 1559 sibi
1329 1464 1350 1475 ι’

102 1682 104 1688 Ι
137 1542 336 1667 redeunti
325 1620 365 1666 ιιι
368 1617 544 1714 ‘pugnam
568 1608 702 1668 cona-a
720 1590 982 1690 Amurnthem,
1008 1617 1039 1664 ιι
1028 1586 1166 1693 ‘quid'
1162 1616 1227 1694 pe·

106 1700 330 1821 vriculosius
365 1699 572 1799 ingrueret,
606 1696 799 1817 refugium
815 1696 1046 1790 latissimum,
1081 1709 1227 1799 quoae
1341 1731 1347 1791 2

135 1808 336 1906 reciperet,
372 1818 477 1875 esset.
520 1803 712 1925 Praecepit
727 1811 901 1903 quoque
912 1801 1164 1896 Wladisla'o,
1182 1820 1226 1878 ut

138 1908 386 1985 obtestaretur
411 1905 566 2002 milites,
604 1910 679 2011 qui
695 1930 826 1981 secum
846 1923 968 2001 erant,
996 1933 1061 1984 ne
1072 1934 1125 1984 se
1120 1908 1224 1985 loco

136 2030 348 2109 moverent,
385 2036 522 2086 verum
539 2015 578 2087 in
608 2011 737 2088 iisdem
760 2014 916 2115 vestigiis
943 1962 1133 2090 liaerentes
1159 2040 1224 2119 es·
1274 2010 1303 2082 ⁴.

128 2138 356 2228 spectarent,
379 2115 501 2193 donec
513 2116 604 2217 fuso
602 2118 813 2226 fugatoque
824 2121 1026 2222 Europaeo
1043 2112 1224 2216 exercitu,
1271 2205 1277 2211 v

136 2235 264 2305 victor
279 2242 547 2340 reverteretur,
577 2243 621 2304 et
632 2225 750 2305 donec
773 2227 975 2332 praelium,
1004 2226 1139 2330 quod
1123 2253 1224 2302 nunc

137 2336 259 2411 solum
282 2360 366 2408 cum
388 2334 514 2407 Jrnuis
541 2333 736 2437 reliquum
746 2348 867 2428 asset,
907 2332 1087 2409 conficiat.
1124 2322 1224 2410 Haec

138 2468 255 2546 quum
271 2440 440 2534 dixisset,
469 2438 662 2515 confestim
679 2439 957 2566 accingebatur,
984 2457 1029 2516 ut
1045 2440 1225 2544 praelium

138 2550 387 2624 committeret
402 2541 486 2622 cnm
507 2548 675 2652 Europae
693 2548 883 2641 exercitur,
895 2575 959 2651 qur
950 2547 1039 2628 ad
1043 2549 1223 2624 sinistram

137 2657 235 2759 regis
252 2653 391 2748 stabat,
429 2669 467 2728 et
484 2680 610 2731 manus
636 2653 829 2731 conferens
839 2653 1071 2761 aliquamdiu
1087 2680 1224 2759 pugna·

136 2759 212 2836 bat.
256 2759 403 2864 Pugnae
427 2777 548 2835 autem
571 2759 670 2837 llaec
689 2759 800 2837 facies
827 2779 908 2839 erat
930 2801 985 2824 -
1007 2797 1063 2818 -
1090 2760 1224 2838 cecidit
1336 2806 1346 2869 '.

137 2866 273 2943 ibidem
298 2869 483 2961 Carazres,
520 2870 699 2971 Europae
716 2869 821 2962 Dus,
861 2871 1078 2975 pannonico
1101 2868 1223 2970 gladio

136 2973 341 3049 transfi'xus.
361 3010 417 3031 -
435 3008 495 3029 -··
505 2974 612 3049 Nunc
630 2972 720 3076 quid
741 2978 850 3075 penes
873 2975 1136 3072 Wladislaum,
1164 2974 1230 3050 ιιι·ι

111 3107 220 3184 xgem
236 3082 468 3202 Pannonum,
486 3077 678 3172 acciderit,
704 3075 866 3154 dicetur.
894 3096 998 3155 erant
1013 3076 1120 3183 apud
1126 3030 1222 3156 bunc

136 3213 261 3291 regem
279 3188 349 3260 riri
376 3185 652 3289 complures,
637 3211 701 3289 qur
690 3183 932 3265 invidebant
943 3184 1102 3261 Jobanni
1119 3189 1222 3261 Hun·
1251 3274 1253 3278 Α

92 3350 95 3358 .
137 3291 280 3387 niadi,
289 3295 444 3416 ..eiusque
467 3295 637 3368 virtutem
659 3293 775 3394 aegris
794 3290 961 3368 ferebant
981 3293 1122 3371 animis.
1136 3294 1223 3370 vi-

136 3398 295 3474 dentes
286 3401 423 3505 agitur,
448 3426 534 3474 eum
557 3394 726 3520 pulchre,
757 3398 942 3474 decenter
950 3397 1088 3493 bellum
1108 3398 1222 3474 admi-

138 3507 310 3596 nistrare,
326 3521 376 3581 et
394 3509 433 3579 in
448 3505 512 3608 fug
492 3533 570 3580 σιιιι
593 3506 713 3629 egisse
708 3504 832 3583 Asiae
852 3507 1057 3581 exercitum
1078 3508 1224 3582 univer·

137 3639 236 3700 sum,
271 3637 436 3691 necnon
463 3613 735 3716 generosissime
760 3613 934 3688 dimicare
954 3628 1083 3714 contra
1105 3616 1222 3687 Euro·

136 3744 204 3822 pae
222 3721 446 3811 exercitum,
484 3715 740 3813 cuiusducem
757 3720 940 3809 Caraaiem
962 3717 1114 3793 nomine
1132 3745 1224 3820 per·

136 3842 294 3917 emerat,
331 3827 383 3897 sic
403 3824 555 3900 allocuti
578 3840 663 3935 sunt
682 3851 825 3932 regem:
862 3826 1021 3913 ORex,
1049 3822 1139 3927 quid
1160 3822 1222 3900 hic

138 3933 368 4006 consistimus
397 3947 435 4004 et
464 3922 719 4054 exspectamus·
739 3933 937 4026 Joannem,
967 3934 1095 4034 eique,
1121 3932 1225 4032 quasi

137 4038 286 4115 solus
252 4063 309 4122 ιιι
329 4037 419 4132 sit,
428 4038 675 4138 permittimus
692 4037 867 4116 hostes
832 4063 1001 4135 ιιιιιιιι,
1024 4055 1062 4116 et
1083 4037 1230 4142 reliqua
1335 4091 1337 4096 -
