2708 4568
198 306 305 381 ΞΜ·
412 301 416 311 ’

193 508 303 635 qnpd
318 511 439 615 ipsum
455 524 615 587 castrum
627 530 702 585 non
717 527 867 612 possm
883 502 1196 602 dicoecesanam,
1215 504 1287 583 aad

193 644 377 722 ‘campum
413 615 490 694 Nos
516 617 614 689 enim
641 640 727 690 cum
746 629 877 702 nostro
901 614 1055 717 proprio
1073 616 1195 718 capite
1209 612 1285 689 iui-

168 729 171 741 '
198 738 280 801 mus
299 727 344 799 in
363 725 445 828 ipso
467 738 585 797 castro
603 719 650 795 ab
670 717 777 795 initio
797 734 835 793 et
854 720 963 795 etiam
981 735 1148 824 tempore
1167 725 1290 822 expri-
1317 761 1321 767 ·

159 901 164 911 .
195 830 379 935 guntionis
396 845 436 903 et
454 855 553 903 nunc
571 845 709 902 sumus·
721 823 884 901 Tandem
896 823 1014 901 fracto
1034 824 1285 919 et‘dastructo

199 940 281 1045 ipso
312 951 452 1027 castro,
470 989 473 994 Α
488 935 565 1039 ipse
583 935 795 1035 imperator
818 933 1023 1006 Turcorum
1043 928 1284 1035 postjhoram

198 1042 440 1145 uesper-tinam
450 1037 681 1141 feria-quarta
694 1039 869 1140 incipiens
882 1039 978 1111 circa
988 1041 1110 1143 ipsum-
1121 1048 1283 1117 castrum

197 1138 358 1255 pugnam
382 1148 604 1241 manualem,
628 1141 738 1248 iulgo
758 1145 963 1244 Sturmam,
989 1146 1126 1247 incepit
1144 1142 1183 1218 in'
1202 1161 1283 1218 tan·
1306 1160 1311 1167 '

102 1327 105 1330 ,
199 1254 298 1348 tum,
326 1269 367 1326 ut
387 1279 456 1358 per
479 1250 822 1327 totam-noctarii'et
841 1248 932 1323 feria
953 1250 1079 1352 quinta
1100 1254 1215 1353 usqite
1233 1249 1281 1324 ad

97 1443 99 1448 ,
196 1352 329 1435 liuram
339 1356 487 1459 prandii
507 1357 715 1456 duraverit,
743 1358 793 1429 ita
812 1371 854 1428 ut
872 1352 1014 1430 duabus
1034 1356 1178 1449 vicibus
1195 1382 1282 1432 eum

199 1466 288 1569 ipsis
307 1465 438 1538 Turcis
463 1465 503 1537 in
529 1464 610 1567 ipso
633 1479 755 1538 castro
783 1460 1049 1538 interius‘facie
1076 1461 1281 1538 adfaciem

198 1560 497 1676 pugnaverimus,
532 1571 627 1643 sicut
652 1570 690 1642 in
715 1594 791 1642 uno
810 1592 940 1669 eampo
959 1566 1281 1672 propterliuetio·

149 1702 283 1769 mem
310 1659 349 1749 et
376 1674 661 1749 destructionem
686 1676 801 1768 muri,
835 1699 929 1775 quos
959 1700 1111 1775 semper·
1127 1676 1280 1752 vicimus

197 1784 282 1861 Deo
299 1778 540 1857 concedente
564 1779 737 1873 >Eandem
754 1795 882 1869 contra
896 1781 995 1882 ipsos
1011 1782 1171 1876 Turcoa,
1193 1783 1279 1857 Deo

112 1895 114 1900 ’
199 1889 417 1981 auxiliante,
454 1904 559 1962 extra
590 1887 762 1961 innuimus
796 1903 833 1961 et
863 1887 1141 1985 incurrerimus,
1174 1885 1279 1991 quod

198 1995 320 2100 ipsum
340 1995 604 2094 Imperatorem
619 1992 827 2071 Turcorum
851 1990 981 2071 desub
999 2008 1119 2071 castro
1135 1992 1278 2096 praedi·

198 2116 261 2176 cto
279 2118 316 2174 et
334 2126 462 2203 campo
479 2101 692 2175 eiecerimus
708 2116 890 2201 tamquam
910 2097 1128 2174 debellatum
1147 2101 1276 2194 etiam,

86 2212 93 2219 ”
130 2268 133 2275 .
198 2206 303 2313 quod
318 2203 538 2281 bombardas
554 2231 636 2279 suas
651 2207 733 2279 Deo
751 2203 977 2291 concedente
992 2203 1277 2299 obtinuerimus,

199 2302 285 2386 'cum
299 2308 387 2416 ipso
404 2304 553 2414 quoque
578 2308 667 2384 feria
691 2310 915 2413 q'uinta‘ante¹
937 2306 1280 2417 sero‚pugnarii''lta··

198 2417 359 2494 buimus.v
389 2419 552 2493 Tandem
571 2419 647 2520 ipse
664 2419 866 2521 Imperator
881 2417 1086 2493 Turc'arum
1102 2404 1150 2492 de
1167 2414 1277 2495 nocte

68 2555 71 2572 ¹
198 2516 349 2600 confuse
370 2540 408 2598 et
431 2535 515 2599 cuni
537 2549 665 2626 magna
682 2497 921 2616 verecuddia,
949 2520 1083 2601 abinde
1099 2527 1139 2599 in
1154 2523 1277 2629 fugam

197 2655 238 2704 se
253 2631 444 2704 convertit.
482 2631 607 2728 Itaque
631 2654 819 2731 nunquam
845 2629 930 2704 alias
953 2631 1156 2733 hiperator
1180 2634 1277 2707 Tur·

83 2766 90 2779 ·
198 2751 328 2810 eorum
354 2737 391 2807 in
417 2751 513 2807 tanta
537 2732 783 2810 destructione
799 2734 886 2828 fuit,
915 2738 1010 2811 sicut
1024 2763 1122 2812 nunc
1136 2753 1213 2831 est,
1228 2753 1278 2814 et

129 2913 131 2917 .
197 2842 241 2916 in'
261 2856 359 2922 tanta
377 2839 616 2931 verecundia,
653 2839 818 2944 quodin
838 2840 1018 2918 chronicis
1035 2869 1113 2921 non
1130 2845 1278 2946 legitur.¹

71 2994 92 3040 ·-.-
198 2947 299 3022 Sciat
325 2949 435 3022 etiam
453 2963 573 3024 vestra
598 2948 800 3041 serenitas,
836 2947 938 3050 quod
962 2951 1079 3026 maior
1101 2975 1186 3053 pars
1209 2974 1278 3053 pe·

197 3051 313 3127 ditum
338 3073 488 3128 suorum
513 3050 568 3128 est
594 3053 772 3130 debellata
779 3083 790 3149 3
825 3056 887 3128 alii
910 3057 1018 3131 etiam
1043 3055 1212 3157 capitales
1236 3070 1278 3130 et

167 3203 172 3211 ·
196 3159 416 3263 principales
432 3158 597 3234 homines
613 3164 668 3235 sui
683 3179 891 3240 manserunt
909 3161 977 3255 sub
992 3160 1063 3237 hoc
1078 3176 1200 3261 castro
1216 3162 1278 3237 in·-

196 3266 354 3341 terlecti.
390 3267 432 3340 In
450 3264 658 3342 hominibus
682 3284 721 3342 et
736 3266 967 3342 familiaribus
985 3293 1154 3371 magnum
1171 3265 1276 3342 dam·

196 3395 285 3447 num
309 3371 482 3448 habemus
507 3398 574 3475 per
601 3376 699 3477 ipsos
730 3376 905 3448 inimicos.
943 3374 1016 3473 Pro
1044 3400 1089 3450 eo
1116 3375 1166 3448 ita
1183 3375 1277 3451 aciat

194 3493 314 3552 vestra
339 3466 545 3579 serenitas,
581 3476 683 3580 quod
711 3478 946 3582 adpraesens
971 3482 1046 3583 ipse
1068 3481 1279 3581 Imperator

194 3583 404 3658 Turcorum
429 3602 502 3689 tam
525 3587 680 3659 maxime
708 3602 762 3660 est
781 3585 983 3660 destructus
1011 3601 1049 3660 et
1078 3583 1273 3681 confusus,

108 3709 112 3718 ·
194 3703 239 3762 ut
260 3691 290 3763 'si
307 3708 433 3765 contra
450 3694 568 3793 ipsum
585 3693 810 3794 insurgerent
829 3691 1042 3786 Christiani,
1068 3698 1180 3793 proiit
1194 3716 1276 3766 mo-

195 3808 274 3871 tum
292 3813 381 3890 erat,
397 3815 531 3872 extunc
540 3799 621 3872 Deo
632 3798 856 3879 concedente
874 3815 993 3874 totum
1008 3824 1160 3900 regnum
1176 3800 1275 3874 Tur-

196 3901 272 3974 c'iue
300 3902 469 3978 obtinere
499 3921 668 4009 possent,
697 3902 801 3980 valde
825 3905 968 3980 leviter:
1003 3904 1089 4007 quia
1122 3930 1275 3987 omnem

192 4029 290 4082 mann
307 4012 506 4113 potentiam
531 4008 822 4114 ipseamisit'sub
839 4008 913 4109 hoc
928 4026 1061 4087 castm.
1095 4012 1272 4119 Pupi-itu
