2708 4568
1150 300 1231 383 109

146 488 289 567 scilicet
308 515 463 579 numero
479 488 655 595 gentium,
674 516 770 597 quac
790 491 839 569 ab
857 492 958 573 illinc
973 490 1021 573 ad
1037 494 1131 579 lanc
1148 526 1229 579 ram

145 598 270 707 parari
287 582 469 698 possunt,
505 595 731 703 respondere
758 625 801 693 ac
829 598 875 677 de
901 597 961 677 die
976 620 1017 683 et
1036 593 1264 687 tomeun-

145 702 329 781 ventionis
358 704 550 807 utriusque
587 706 771 781 exercitus
804 706 1032 788 concordam
1061 716 1228 819 possint,

145 808 288 913 absque
314 808 384 885 alio
411 807 576 886 discursu
604 828 715 913 etque
735 818 855 889 'more
893 814 942 888 Vt
967 838 1057 922 ergo
1081 818 1261 917 aaran,

94 966 99 977 ·
144 912 354 1007 huiusmodi
364 916 543 991 uoluntati
554 918 761 1020 principum
779 944 821 993 ac
834 923 1057 999 necessitatis
1073 928 1230 1031 negocio

128 1037 186 1099 ,et
197 1040 241 1099 ut
255 1024 348 1117 nos,
383 1022 449 1127 qui
466 1022 563 1123 ipsos
583 1022 768 1135 principes
791 1025 829 1098 in
844 1020 915 1101 laec
935 1052 978 1103 re
993 1028 1229 1111 sollicitando

146 1130 424 1233 praevenimus,
450 1130 559 1203 etiam
578 1128 867 1233 promptitudine
884 1126 1232 1239 praecedamusJ-
1272 1152 1277 1161 '

145 1232 311 1319 fidelitati
337 1235 581 1309 universitatis
607 1250 746 1310 vernae
777 1251 815 1311 et
840 1252 1001 1317 vestrum
1031 1242 1232 1321 cuiuslibet

116 1338 299 1419 -firmiter
328 1338 589 1447 praecipiendo
617 1339 849 1435 mandamus,
874 1354 1052 1447 quatenus
1070 1364 1232 1452 quamor

144 1474 196 1523 ex
213 1446 342 1540 robis,
381 1474 466 1523 cum
484 1446 594 1549 pleno
616 1444 787 1522 mandato
806 1466 844 1524 et
859 1448 1031 1528 facultate
1050 1454 1234 1535 statuendi

143 1569 186 1631 et
202 1552 423 1649 ordinandi·
434 1570 548 1655 prout
560 1550 655 1627 illud
672 1574 825 1656 regnum
842 1572 1011 1633 noenum
1027 1558 1235 1666 Hungariee

144 1659 349 1739 secundum
366 1676 460 1735 totas
477 1659 572 1735 vires
590 1660 753 1735 omnium
774 1660 1058 1763 terrigenam,
1084 1694 1234 1771 genera·

146 1764 221 1841 lem
249 1772 379 1843 contra
404 1768 553 1843 Turcos.
581 1765 780 1845 exercitum
805 1788 901 1861 anno
922 1766 1173 1869 cruatur-um„
1186 1802 1233 1853 ac

145 1870 365 1978 disponendi
391 1888 430 1949 et
457 1869 626 1963 mittendi
650 1868 698 1947 ad
720 1864 987 1973 Imperatorem
1004 1878 1234 1983 praedictum

143 1997 332 2073 nostrum,
366 1977 608 2082 spectabilem
630 1993 668 2069 et
682 1976 936 2081 magnificum,
949 1980 1230 2087 „iohannem

147 2086 377 2179 Comitem
409 2085 828 2179 Bistriczienaem',
862 2089 1128 2189 generalem
1156 2094 1230 2195 Ca·

145 2193 390 2297 pitaneuin
424 2207 659 2283 nostrum,
696 2191 902 2296 et„aliquos
924 2192 1012 2271 alios
1029 2190 1155 2273 fideles
1170 2224 1231 2275 re·
1328 2290 1334 2299 .

144 2298 319 2401 gnicolas,
336 2325 421 2375 cum
438 2297 545 2402 plena
562 2294 820 2374 informatione
837 2313 874 2372 et
890 2295 1057 2377 facultate
1076 2294 1228 2408 respon·

129 2404 279 2499 ¹denali,
298 2396 456 2480 ¹nomine
484 2405 594 2479 totius
618 2404 720 2504 regni
743 2404 838 2479 illius
858 2405 1065 2483 oratoribus
1089 2412 1228 2513 princi·

145 2538 237 2615 pum
262 2508 553 2623 praedictorum,
599 2533 708 2611 snper
738 2508 909 2585 omnibus
941 2528 980 2607 et
1004 2516 1226 2619 singulisne

143 2635 321 2719 compoto
347 2610 540 2719 (conputu)
568 2618 752 2717 gentium,
784 2644 895 2721 quam
915 2616 963 2693 de
981 2636 1061 2703 toto
1083 2622 1148 2697 illo
1165 2651 1225 2701 re·

143 2750 220 2827 gno
238 2725 353 2811 levari
372 2750 478 2827 posse
501 2721 691 2815 videbitis,
724 2739 762 2799 et
780 2724 1033 2803 concordandi
1050 2755 1136 2803 eum
1155 2733 1226 2827 eia:

145 2830 232 2907 dem
259 2857 370 2932 super
396 2829 480 2905 loco
511 2845 547 2904 et
566 2826 625 2903 die
652 2832 905 2906 conventionis
930 2836 1157 2917 exercituum
1180 2864 1225 2935 ac

143 2935 192 3014 ad
208 2936 278 3012 alia
294 2954 421 3012 nostra
448 2935 648 3012 necessario
673 2934 922 3036 expedienda,
948 2935 997 3027 ad
1021 2939 1117 3014 illam
1136 2966 1226 3017 con·

118 3044 355 3129 ,vectionem
370 3042 618 3117 Praelatorum
629 3055 674 3125 ,et
686 3040 868 3114 Beronum
889 3058 1102 3119 nostrorum
1123 3048 1220 3123 illius

141 3134 268 3253 regni,
293 3172 403 3251 quam
423 3149 496 3223 iam
519 3145 662 3252 pridem
678 3143 799 3243 multis
816 3148 930 3221 etiam
943 3148 1020 3223 aliis
1043 3175 1092 3225 ex
1105 3154 1222 3231 causis

140 3254 225 3333 lieri
240 3256 426 3349 iussimus,
454 3270 516 3329 aut
536 3254 568 3328 si
585 3252 646 3327 illa
658 3253 849 3329 conventio
866 3255 937 3327 iam
951 3253 1045 3329 facta
1058 3273 1220 3353 cstffixf

142 3380 231 3439 tunc
253 3362 302 3439 ad
325 3362 458 3439 festum
478 3356 761 3465 Epiphaniamm
781 3357 931 3437 Domini
949 3365 1221 3464 proximarent»

140 3484 284 3563 turum,
313 3473 350 3543 in
372 3471 553 3547 civitatem
570 3482 730 3564 nostram
743 3464 965 3559 Budensem‚
982 3466 1046 3541 ubi
1066 3496 1119 3561 eo¹
1130 3496 1217 3567 casp

136 3576 241 3677 ipsos
272 3590 311 3649 et
326 3576 504 3665 Berones,
533 3598 575 3681 ae
599 3573 708 3647 etiam
734 3572 823 3647 alios
841 3572 1044 3675 regnicolas
1067 3594 1215 3675 nostras

136 3692 208 3786 pro
229 3680 297 3755 lrac
314 3709 356 3757 re
376 3680 425 3755 dc
442 3705 540 3755 novo
560 3680 754 3755 convenire
774 3680 952 3772 iussimus,
971 3685 1215 3779 mansuuttere

137 3788 303 3863 debeatis
309 3818 320 3883 3
344 3811 447 3863 secm
467 3784 534 3859 sub
555 3810 646 3887 pena
667 3785 794 3886 cepitis
813 3800 850 3857 et
869 3789 1115 3889 occupationis
1129 3814 1213 3889 posy.

136 3895 339 3970 sessionum
356 3910 553 3969 vestrarum
568 3917 635 3997 per
650 3888 787 3964 dictum
797 3891 1033 3993 capitaneum
1049 3913 1219 3993 nostrum

135 3996 303 4095 fiendae,
333 3999 455 4075 facere
482 4023 559 4075 non
588 3996 729 4093 ausuri5
760 3999 935 4101 quoniam
958 3998 1213 4106 ”tallgfflllm

191 4105 444 4212 Hunyadlaoa.
857 4182 860 4187 ,
975 4109 1025 4185 lt
