2708 4568
1080 363 1082 366 ’
1132 342 1203 418 105

115 553 386 654 sti-adcepus,
413 567 451 626 et
471 538 633 651 partibus
655 546 725 622 iliis
746 549 891 655 ricinis,
915 550 1044 640 erectis
1064 547 1207 624 sorat-

103 669 107 675 ’
129 650 405 762 εἰίε’,’ρ1ιπὶωαε
430 653 618 729 hominum
644 673 680 730 et
699 680 822 731 rurum
842 654 990 760 praedas
1010 654 1149 731 faciunt
1170 671 1209 732 et

126 766 260 840 ineolis
281 762 606 875 illarum-partium
627 760 741 834 multa
770 763 942 864 ingerunt
962 762 1056 835 maia
1079 780 1118 838 et
1141 788 1210 836 no·

127 885 316 961 cumenta3
344 884 380 941 et
399 865 499 969 qu'od
524 864 616 939 ¹adeo
638 866 708 937 iam
725 891 853 940 eorum
867 869 1086 971 praesumtio
1110 869 1209 943 invn-

128 977 217 1066 luit,
252 991 292 1047 ut
313 974 516 1047 novissimis
542 970 671 1045 diebus
693 971 814 1073 piures
842 990 986 1049 nostros
1012 972 1134 1049 fideles
1161 971 1209 1052 ad

129 1074 203 1156 eos
218 1076 505 1180 compescendos
530 1091 786 1179 congregatos,
825 1079 863 1149 in
889 1083 1083 1181 campestri
1111 1079 1213 1154 beiio

130 1184 372 1262 condixerint.
410 1180 602 1284 Cupientes
625 1184 734 1285 igitur
760 1184 969 1285 tempestive
988 1209 1117 1257 eorum
1137 1210 1214 1259 ma·

130 1294 229 1366 litiae
245 1293 433 1380 resistere,
462 1287 606 1362 fidelem
624 1304 806 1381 nostrum,
827 1289 1065 1392 spectabilem
1083 1307 1120 1365 et
1136 1317 1213 1362 ma·

128 1396 302 1501 gnificum
329 1384 592 1470 Ladislaum
625 1392 677 1469 de
703 1393 922 1495 Hunyad,
951 1398 1132 1472 Comitem
1150 1396 1214 1473 Bi·

130 1504 366 1595 stricensem,
405 1517 441 1573 et
470 1525 665 1603 regnorum
698 1517 913 1604 nostrorum
939 1501 1145 1576 Dalmatiae¹
1176 1516 1225 1575 et·

130 1609 300 1685 croatiae
318 1604 591 1711 praedictorum
608 1606 765 1696 Banum,
794 1623 922 1681 contra
939 1606 1124 1709 praefatos
1140 1634 1247 1681 mm·-

130 1714 321 1791 lefactores
347 1713 386 1785 in
411 1708 611 1786 subsidium
637 1712 874 1785 iliius-terrae
901 1710 1077 1786 duximus·
1093 1712 1228 1817 depo·-

131 1816 290 1895 tandum.
332 1818 565 1921 Quapropter
602 1815 767 1891 fidelitati
803 1817 1044 1891 universitatis
1074 1834 1217 1895 vestras

131 1924 283 2001 firmiter
300 1924 560 2028 praecipientes
580 1920 808 2014 mandamus,
837 1938 1014 2023 quatenus
1034 1925 1116 1996 visis
1134 1948 1216 2027 pre·

130 2028 309 2125 sentibus,
330 2027 470 2103 dumet
488 2054 598 2129 quam
617 2028 775 2131 primum
793 2053 859 2130 per
876 2026 1017 2101 dictum
1035 2029 1216 2105 Comitem

131 2136 336 2212 Ladislaum
357 2151 418 2208 aut
436 2132 598 2210 homines
615 2159 698 2208 suos
720 2156 803 2207 cum
820 2133 950 2208 litteris
978 2132 1051 2208 suis
1069 2133 1233 2233 fueritis

130 2242 314 2345 requisiti,
340 2240 379 2313 in
397 2242 599 2315 continenti
617 2266 741 2314 omnes
761 2239 1013 2314 universaliter
1033 2266 1118 2314 cum
1135 2252 1215 2316 otu·

129 2348 239 2424 nibus
261 2347 388 2420 restris
406 2347 575 2447 ingeniis,
596 2346 867 2419 exercituahter
882 2345 1107 2450 insurgentes
1124 2341 1223 2423 iIIuo.

130 2482 206 2556 quo
224 2451 402 2556 praefatus
419 2449 603 2525 Ladislaus
618 2452 748 2525 Comes
767 2452 1007 2544 commiserit,
1028 2449 1214 2556 proficisci

129 2577 168 2633 ot
181 2552 320 2651 'contra
336 2555 517 2659 praefatos
541 2555 743 2659 praedones
759 2584 801 2631 ea
817 2557 940 2630 omnia
953 2582 1060 2661 agere
1077 2555 1214 2631 debea-

130 2668 198 2758 tis,¹
223 2660 313 2767 quae
340 2667 416 2767 ipse
433 2664 565 2738 Comes
582 2661 768 2739 Ladisiaus
785 2662 932 2737 duxerit
958 2662 1142 2759 facienda3
1158 2698 1231 2724 -·

128 2784 234 2846 seeu's
253 2769 320 2845 sub
338 2795 458 2874 poena
476 2770 699 2873 gravissimae
719 2787 867 2844 nostrae
888 2766 1145 2872 indignationis
1160 2762 1214 2843 Ia·

129 2902 214 2952 cere
240 2892 315 2951 non
342 2876 475 2948 ausuri.
512 2876 647 2948 Datum
670 2876 851 2968 Viennae,
877 2872 969 2948 feria
997 2893 1098 2948 sexta
1122 2884 1231 2977 pro·'

129 2987 330 3058 xima'ante
350 2979 482 3056 festum
500 2981 743 3055 Pentecostes.
760 2981 871 3054 Anno
890 2980 997 3052 Dona
1010 2980 1212 3056 stonum.

128 3090 369 3193 segnitatem
387 3088 501 3159 nostri
518 3112 613 3169 anno
632 3086 734 3159 XIII.
764 3084 806 3157 L.
825 3082 864 3157 S.
1121 3114 1124 3119 ·

69 3270 75 3285 ·
173 3235 217 3295 Ex
239 3228 362 3293 archivo
384 3224 607 3292 Kesmarkensi.
636 3228 703 3318 Fuit
725 3224 892 3304 leduinus,
915 3224 993 3291 filias
1008 3224 1153 3291 iohannis
1169 3224 1212 3293 de

228 3330 379 3415 Hunyad‚
408 3333 522 3393 Comes.
540 3328 631 3391 etiam
647 3328 851 3402 Posoniensis,
880 3339 915 3391 nt
934 3328 1052 3393 litterae
1069 3330 1159 3417 ipsius
1178 3330 1216 3421 im

227 3430 352 3493 archivo
374 3434 482 3493 Poson.
501 3438 659 3493 testantur.
681 3457 724 3473 -
739 3428 878 3494 Axnmith
895 3429 1062 3507 notemus,
1083 3442 1118 3494 ut
1135 3434 1211 3497 Aen.

221 3532 342 3617 ¹Sylvius
362 3532 403 3593 ad
418 3532 593 3595 Pontificem
615 3531 771 3594 Niooianm
791 3537 844 3609 V.‚
867 3532 992 3616 epistola
1011 3532 1081 3593 tot.
1098 3533 1210 3609 docnt,

227 3620 386 3717 postquam
406 3633 540 3695 Gisoram
555 3632 697 3716 Scepusio
715 3641 851 3693 amotum
877 3630 1008 3706 audivit,
1036 3642 1212 3723 terramque

184 3734 198 3773 ³
228 3736 320 3821 milite
345 3732 469 3796 vaduam
493 3734 632 3818 agnovit,
660 3743 926 3818 congregata-non
947 3754 1039 3817 parva
1057 3735 1210 3799 latronum

227 3832 335 3912 manu,
359 3832 441 3919 quasi
458 3836 486 3894 in
506 3830 570 3895 eins
595 3827 695 3893 Iocum
713 3828 874 3919 suffectus,
895 3832 1048 3917 regionem
1066 3836 1212 3900 invasit·“
1276 3842 1279 3849 '

118 4008 130 4027 r
226 3933 364 3999 Praedia
382 3941 437 3998 Aa.
459 3925 579 3995 litua
597 3932 773 3997 Sebastiano
791 3939 912 4020 ltoa‘g'on
932 3935 1028 4000 vietus
1044 3947 1076 4001 et
1092 3939 1211 4005 oseba·

108 4034 115 4047 ’
161 4062 165 4067 ·
204 4042 319 4101 ‘unam
332 4036 424 4114 feeit}
441 4035 602 4125 ita'donat.
623 4033 755 4117 Mathiaa'
771 4037 896 4101 Corvini
914 4038 1069 4195 Ropgpnio
1088 4038 1187 4108 datas.
