2708 4568
101 240 263 314 '80'

158 462 239 518 tum
257 441 404 535 obruti,
432 440 676 543 disiunctique
705 435 792 514 hinc
815 437 900 517 inde
920 438 1171 520 abscessimus.
1194 449 1250 502 ·-'-

160 553 298 629 Verum
319 548 359 622 id
376 564 423 627 ¹ct
444 547 560 622 oculis
590 562 676 623 tuuc
699 563 738 619 et
761 534 925 649 plurimis
954 575 1000 626 ea
1026 567 1112 652 post
1128 549 1246 627 docu-

56 711 58 715 ,
159 657 290 737 mentis
321 656 577 758 cognovimus,
613 648 710 726 haud
737 652 912 755 pauciora
948 652 1149 733 reddidisse
1180 683 1251 732 nos

162 758 341 838 hostibus·
354 761 525 853 vulnera,
563 782 673 860 quam
699 760 902 865 accepisse,
924 758 1171 886 lugubriaque
1184 761 1251 836 ad·

38 922 43 938 ,
160 860 313 944 modum
331 882 369 940 et
388 881 558 947 cruentae
577 863 749 939 victoriae
778 865 968 968 reliquisse
987 885 1144 977 vestigra.
1182 870 1250 944 Ni⁴

159 970 357 1051 hilomiuus
378 990 415 1046 et
434 999 504 1046 nus
523 968 761 1051 ,lamentarit
786 999 875 1048 num
894 988 951 1047 est
969 972 1051 1049 altis
1069 976 1249 1080 suspiriis,

159 1106 271 1186 super
297 1077 457 1182 capitum
480 1072 693 1156 nostrorum
716 999 883 1153 ddlendia
915 1076 1146 1175 vulneribus,
1182 1096 1250 1156 ut·

160 1203 249 1291 pote
269 1186 380 1288 Regis
409 1211 450 1259 uc
477 1183 656 1293 Principis
684 1185 802 1257 nostri
829 1181 1034 1280 clarissimi,
1069 1187 1158 1285 item
1187 1216 1249 1261 rc·

161 1292 312 1368 nerandi
342 1308 410 1365 tou
437 1287 575 1369 mundo
601 1290 732 1390 patris,
751 1288 919 1369 ¹Domini
946 1290 1080 1367 tuliani
1097 1292 1247 1397 Legati,

162 1425 320 1502 quorum
337 1394 475 1472 ¹solidae
499 1397 644 1471 virtutis
663 1391 771 1499 digna
792 1395 989 1473 auctoritas
1011 1390 1164 1485 salutem
1180 1397 1248 1472 hu·

128 1571 133 1584 ,
160 1507 220 1581 ius
247 1503 374 1609 populi
404 1499 565 1609 propriis
589 1498 753 1577 humeris'
771 1520 912 1606 gestare
937 1503 1142 1601 ridebatur.
1171 1501 1248 1581 Sed

54 1622 57 1628 ’
127 1652 132 1659 ·
162 1638 247 1689 cum
265 1635 411 1689 suasum
427 1606 518 1685 milii
534 1607 672 1712 saepius
693 1610 932 1703 reminiscor,
954 1610 1045 1707 nihil
1066 1613 1186 1716 magni
1208 1613 1248 1687 in

161 1717 261 1799 bello
281 1719 358 1792 siue
379 1707 545 1821 periculo
558 1711 696 1799 „confici
709 1740 851 1818 posse„
865 1717 1000 1792 iterum
1019 1714 1153 1793 lrabeat
1173 1746 1243 1791 nu-

162 1841 241 1921 tans
266 1822 414 1904 fortuna
440 1846 661 1931 regressum,
696 1819 806 1897 dolor
835 1822 913 1927 ipse
942 1821 1110 1898 incitabit
1129 1821 1243 1897 auda-

162 1931 256 2011 ciam
278 1926 325 2009 ad
345 1927 487 2020 futura,
516 1954 736 2031 quamquam
754 1944 795 2011 at
813 1927 875 2021 id,
902 1926 1006 2032 quod
1024 1932 1244 2010 nuncffacci-

160 2037 235 2133 dit,
257 2062 379 2147 neque
405 2035 542 2119 malitia
558 2052 705 2137 rostra,
733 2061 852 2137 neque
874 2032 1106 2127 Teucrorum
1126 2036 1245 2125 virtus

160 2142 336 2237 affecerit,
355 2141 445 2217 dum
461 2168 554 2245 pene
575 2147 689 2216 vacue
708 2137 806 2217 facto
823 2141 909 2223 viris
929 2159 966 2233 et
987 2144 1096 2219 armis
1113 2169 1246 2247 campo

162 2279 240 2329 non
256 2249 397 2333 hostilis
417 2248 587 2341 militiae,
614 2246 679 2340 sed
696 2245 824 2321 iudicii
840 2244 953 2322 divini
975 2246 1116 2353 plagam
1136 2267 1245 2326 retu·

150 2360 283 2451 limus,
297 2353 503 2459 nostrisque
524 2349 686 2459 peccatis
706 2352 854 2429 barbari
874 2371 962 2430 tunc
981 2381 1147 2431 mansere
1165 2353 1244 2430 fur·
1280 2432 1284 2445 ι

162 2465 283 2539 tiores.
309 2462 633 2563 ,Recognoscentes
660 2459 768 2564 igitur
791 2458 981 2564 'culparum
1005 2463 1129 2564 potius
1148 2488 1245 2566 pon·

161 2566 262 2662 dara,
278 2595 389 2681 quam
404 2567 607 2659 vulnerum,
624 2592 727 2671 spem
745 2565 889 2643 firmam·
896 2565 1101 2643 induximus
1117 2569 1246 2649 auimo

160 2692 204 2752 ut
220 2672 320 2757 idem
336 2674 433 2776 ipse,
461 2675 525 2774 qui
540 2668 682 2775 plagam
699 2673 857 2777 peccatis
876 2674 977 2751 ultor
994 2674 1135 2767 intulit,
1151 2699 1245 2748 oon·

160 2782 255 2861 feret
280 2777 507 2885 sperantibus
536 2774 727 2855 miserator
757 2796 795 2855 et
821 2778 1021 2876 medelam,
1058 2779 1244 2857 movebit·

120 2902 123 2909 '
160 2914 234 2993 quc
251 2904 410 2970 mentem
423 2887 635 2976 ,sanctitatis
654 2887 817 2979 Vestrae,
839 2904 882 2961 ut
898 2885 1082 2964 christiani
1097 2887 1153 2961 sui
1175 2913 1244 2989 po·

140 3040 142 3045 <
159 2996 236 3099 puli
256 3021 332 3070 uon
359 2992 517 3070 fractum
537 2990 677 3086 adhuc,
694 2991 768 3067 'sed
786 2992 1020 3089 inclinatum,
1039 2991 1156 3069 robur
1170 2995 1245 3068 eri-

113 3138 125 3155 ·
159 3126 245 3208 gere
272 3127 381 3205 quam
405 3103 556 3175 celerius
585 3103 845 3201 patrocinetur.
881 3098 942 3174 Ad
966 3097 1244 3202 quod-quidem

158 3226 198 3297 et
215 3235 282 3314 ego
301 3197 417 3299 nuuc,
447 3209 541 3282 sicut
564 3222 602 3280 et
618 3210 717 3309 prius
737 3204 852 3298 astiti,
875 3233 951 3308 quo
962 3207 1093 3388 paucis
1110 3205 1245 3280 'admo-

31 3367 34 3373 ·
157 3343 284 3395 nerem
313 3329 463 3417 sponte,
497 3330 539 3388 ut
567 3311 702 3407 credo,
733 3314 926 3388 volentem
998 3341 1047 3389 on
1068 3311 1241 3387 dubitans

155 3422 263 3506 facile
288 3418 387 3522 apud
411 3417 648 3495 Sanctitatem
677 3439 831 3495 vestram
856 3445 1069 3523 persuasum
1096 3419 1140 3492 iri
1160 3446 1242 3491 rem

80 3575 83 3581 ·
156 3547 194 3603 et
211 3529 364 3604 utilitate
383 3541 421 3599 et
444 3526 536 3601 iusta
558 3524 769 3599 conditione
790 3527 943 3629 plenam.
972 3525 1155 3600 Patienter
1176 3534 1258 3601 aus

154 3650 230 3712 tem
253 3658 372 3719 exoro
397 3658 457 3707 me
482 3632 623 3733 perpeti
644 3632 740 3734 apud
774 3633 892 3706 vultus
915 3629 1155 3706 beatitudinis
1179 3659 1242 3705 ve·

152 3757 268 3835 strae,
310 3737 414 3842 quod
443 3741 689 3849 importunior
719 3737 871 3817 sortasse
907 3755 969 3812 aut
994 3738 1241 3847 porrectiori,

154 3875 264 3953 quam
289 3845 480 3947 expediat,
508 3844 627 3927 fronte
652 3845 888 3927 sanctitatem
911 3861 1067 3927 vesuam
1096 3845 1243 3948 iuquie-

93 3993 95 3997 ’
155 3953 300 4037 tundam
317 3951 520 4065 aggredior,
538 3978 657 4037 cuma
678 3953 741 4033 diu
760 3952 848 4033 miti
864 3952 1015 4033 iuvetis
1035 3953 1147 4031 situm
1164 3950 1242 4029 luc·
