2708 4568
988 226 1223 341 “aa

137 490 175 552 et
193 473 405 555 neeesamo,
423 462 496 567 sibi
514 485 657 547 emeret
678 468 923 574 gubernatore
947 490 986 553 et
1010 472 1222 577 defensore3
1243 496 1246 506 '

138 581 376 680 volentesque
402 601 513 679 super
528 573 737 685 huiusmodi
761 603 845 653 casu
866 597 1073 682 opportune
1091 610 1224 663 οοιιειι·7
1259 658 1263 667 ,

138 686 232 782 lere,
251 684 422 761 debono
440 699 479 757 et
496 682 594 759 felici
607 698 704 757 statu
721 685 823 787 regui
840 684 1004 763 eiusdem
1026 680 1237 789 providere·

139 811 177 869 et
194 792 395 897 periculis,
430 814 522 891 quae
547 816 593 865 ex
621 787 792 864 diuturna
807 795 997 868 vacatione
1014 783 1125 899 ipsius
1141 812 1225 901 ptis·

137 917 223 977 sent
247 914 452 1000 emergere,
486 898 524 969 in
545 912 713 1000 tempore
743 897 911 991 obviare;
947 902 1112 977 instituta
1136 933 1224 981 mox

138 1006 192 1080 ob
210 1032 292 1081 eam
311 1006 422 1079 totius
442 1003 545 1104 regni
565 1002 602 1075 in
623 1004 768 1075 civitate
786 1002 945 1077 Budensi
961 1009 1119 1107 generali
1135 1037 1224 1085 caat]-o

137 1113 336 1204 ventione,
364 1109 547 1210 coepimus
567 1124 693 1183 exacta
711 1107 915 1211 diligentia,
936 1130 1143 1218 mutuisque
1165 1115 1225 1191 dc·

138 1206 422 1293 liberationibus
433 1231 470 1289 et
482 1215 642 1289 consiliis
653 1216 787 1290 nostris
801 1218 994 1318 negocium
1013 1218 1084 1295 boc
1104 1218 1223 1325 age're,

138 1312 347 1427 modosque
377 1326 501 1396 omncs
526 1337 563 1394 et
584 1323 662 1396 vias
689 1321 774 1395 totis
799 1323 949 1423 ingeniis
975 1329 1111 1402 nostris
1141 1354 1227 1403 exa·-

137 1433 305 1524 minare,
341 1422 473 1531 quibus
502 1424 549 1500 de
567 1425 704 1502 idoneo
730 1440 766 1501 et
793 1429 854 1511 tali
882 1456 969 1536 rege
994 1433 1225 1538 saepedicto

140 1561 258 1642 regno
274 1537 516 1639 potuissemus
531 1535 743 1636 prospicere
760 1549 797 1606 et
806 1536 1019 1635 providete,
1031 1566 1098 1643 per
1115 1568 1225 1644 quem
1331 1536 1336 1547 ’

138 1668 294 1747 regnum
320 1643 440 1743 ipsum
463 1643 504 1714 in
528 1656 624 1715 statu
652 1665 719 1714 suo
746 1638 905 1716 feliciter
932 1663 1054 1747 posset
1074 1673 1225 1722 censer*

138 1751 238 1844 vari,
275 1746 444 1849 adaugeri
465 1763 504 1821 et
529 1764 658 1821 contra
679 1744 851 1847 barbaras
873 1766 912 1824 et
935 1738 1007 1827 sibi
1036 1752 1224 1829 infestis-si·-

137 1882 215 1931 mas
239 1855 406 1929 nationes
432 1855 596 1955 protegi,
633 1870 669 1939 et
687 1852 734 1926 ab
754 1856 917 1955 ipsorum
936 1858 1075 1934 crebris
1102 1863 1225 1937 incur-

139 1954 305 2037 sionibus
324 1957 458 2034 Christi
475 1957 600 2035 fideles
625 1961 814 2058 respirare.
854 1962 1018 2037 Tandem
1040 1983 1125 2069 post
1144 1967 1223 2044 diua

139 2084 265 2143 turnus
284 2064 584 2159 deliberationes,
611 2081 807 2168 postquam
826 2068 946 2142 varios
966 2068 1013 2141 ad
1028 2097 1107 2145 rem
1132 2070 1223 2151 hunc

137 2173 283 2249 habitos
313 2186 490 2247 tractatus
515 2172 782 2261 recensuimus,
808 2169 913 2275 quod
933 2177 1063 2278 priscis
1081 2192 1222 2281 tempe·

140 2281 263 2375 ribus,
291 2277 379 2359 dum
403 2305 514 2382 regna
538 2268 628 2375 baec
643 2278 851 2380 Hungariae
870 2296 907 2353 ct
924 2281 1119 2376 Poloniae,
1148 2272 1222 2363 sibi

136 2385 365 2464 confluancio
398 2402 436 2459 et
468 2402 718 2459 nommetanea
753 2387 792 2457 iu
815 2386 924 2487 pace,
958 2389 1160 2466 concordia
1186 2410 1223 2470 et

136 2488 297 2569 amicitia
314 2492 518 2593 animorum
540 2491 689 2594 speciali
708 2493 851 2586 iuncta,
880 2493 1047 2599 colligata
1066 2514 1103 2571 et
1121 2500 1223 2575 unita

138 2600 310 2694 suerunt,
330 2600 407 2672 sive
425 2623 551 2700 regum
570 2623 719 2673 suorum
737 2601 915 2703 sanguinis
933 2605 1228 2707 propinquitate,

140 2700 452 2812 quemadmodum
472 2702 620 2778 tradunt
635 2702 807 2806 bistoriae
827 2723 992 2811 tempore
1008 2709 1047 2785 S.
1061 2710 1222 2787 Ladislai

136 2815 236 2919 regis
254 2809 382 2904 fiaisse,
409 2811 484 2885 sive
510 2807 767 2885 dominationis
795 2808 1004 2907 identitate,
1034 2817 1136 2917 quod
1157 2818 1220 2891 ad.

136 2906 212 2996 lruc
241 2917 409 2992 nonnulli
437 2916 561 2991 aetatis
585 2933 732 2991 nostrae
756 2913 918 2991 homines
941 2917 1069 2997 diebus
1096 2925 1218 2997 colen.

135 3027 205 3101 dae
231 3024 431 3101 memoriae
457 3019 637 3098 Ludovici
663 3023 757 3123 regis
787 3040 994 3098 memorant
1023 3026 1217 3127 audivisse,

138 3133 205 3237 qui
219 3133 410 3233 utriusque
426 3130 531 3236 regni
548 3126 790 3233 gubernacula
807 3125 962 3203 feliciter
982 3131 1233 3235 disponebat,¹
1283 3157 1289 3174 '

132 3238 363 3340 multumque
384 3234 424 3311 id
444 3255 481 3311 et
501 3259 730 3337 peromnem
748 3229 899 3323 modum
916 3235 1099 3329 utilitatis,
1128 3265 1216 3338 pro-

133 3345 257 3421 fectus
276 3361 318 3419 et
336 3330 516 3446 augmenti
538 3343 659 3444 regnis
683 3339 759 3440 istis
776 3340 915 3436 attulit,
944 3358 1020 3414 tum
1040 3366 1087 3417 ex
1107 3346 1215 3421 alters

129 3454 191 3527 nis
210 3450 416 3526 incolarum
431 3473 584 3527 auorum
602 3445 824 3553 accessibus,
843 3446 1063 3552 assiduisque
1081 3477 1215 3529 eorun³

129 3545 220 3631 dem
235 3557 481 3649 commerciis,
505 3555 728 3658 singulorum
747 3554 1007 3630 excrescebant
1023 3561 1215 3636 commoda

128 3661 413 3766 suffragantibus
439 3662 521 3743 sibi,
535 3680 664 3736 mutuo
682 3684 880 3761 regnorum
897 3661 1059 3762 ipsorum
1086 3683 1214 3740 contra

83 3820 89 3827 -
127 3770 256 3868 hostes
274 3778 359 3844 su'os
379 3769 572 3871 potentiis,
600 3768 698 3860 laus,
724 3766 865 3863 honor,
891 3766 1009 3868 gloria
1036 3771 1149 3871 'riguit
1175 3789 1213 3846 et

124 3870 340 3979 respublica
366 3868 530 3979 ipsorum
552 3877 593 3951 in
619 3872 830 3964 universum
855 3871 1065 3949 reflorebat
1093 3876 1140 3951 Et
1158 3876 1208 3955 ob

123 3980 202 4061 boc
221 3983 285 4059 tali
306 3978 595 4075 consideratione
618 3979 795 4083 permoti,
821 3995 905 4082 post
924 3980 1101 4119 eiusqaodi
1121 3982 1211 4061 deli⁴
