2708 4568
664 411 803 547 ‘tvttt

204 624 334 682 Ιοαηηὼ
344 616 571 680 Gubernatoris
590 615 714 672 enimus
729 613 821 691 pacis
839 607 1094 674 ttudtoaetuimus.
1113 611 1173 675 An.
1190 610 1282 673 test.

297 761 338 833 Β.
352 758 392 832 Ρ.
419 770 455 828 et
477 756 524 827 D.
564 754 679 827 Breve
697 750 902 855 quoddam,
930 755 1135 859 apostolica
1150 749 1286 832 exhor·

202 867 337 942 tatione
359 859 571 967 gravidum,
600 856 802 933 hisdiebus
826 863 974 964 accepi,
1011 862 1049 935 in
1075 887 1152 963 quo
1172 862 1212 937 B.
1235 862 1283 949 V,
1315 931 1316 934 ,

200 997 259 1049 me
277 970 375 1044 ultro
397 965 570 1070 cupidum
592 962 639 1039 nd
662 991 793 1069 pacem
813 965 1078 1050 observandam
1096 968 1284 1047 hortatur.

184 1080 348 1183 pacem,
375 1076 542 1176 inquam,
557 1071 665 1164 illam,
690 1098 799 1173 quam
816 1073 900 1146 alias
920 1089 1068 1149 oratore
1087 1075 1126 1151 S.
1141 1072 1188 1169 V
1209 1099 1284 1148 me·

202 1183 286 1276 dio,
319 1208 402 1258 cum
428 1180 556 1254 illustri
583 1179 745 1252 Domino
772 1182 856 1279 rege
880 1181 1020 1254 Bosnae
1046 1198 1171 1282 pactus
1191 1205 1282 1253 sum.

200 1292 303 1382 Quae
323 1284 471 1390 quidem
491 1311 551 1359 res
579 1299 688 1384 atque
706 1281 936 1377 exhortatio,
957 1289 1121 1386 quamvis
1139 1302 1284 1389 aposto·

200 1396 270 1470 lica
288 1395 480 1468 autoritate
498 1408 534 1464 et
551 1415 640 1464 cura
659 1386 764 1493 digna
785 1391 850 1485 sit,
878 1389 968 1466 mihi
988 1407 1109 1468 tamen
1127 1389 1285 1469 ineunda

200 1501 324 1603 magis,
346 1525 455 1600 qnam
473 1513 680 1598 opportuna
698 1493 813 1570 videri
830 1491 965 1598 potuit,
985 1489 1159 1600 quoniam
1174 1524 1283 1573 omne

200 1605 257 1697 id,
286 1602 386 1707 qnod
402 1605 440 1679 in
455 1601 509 1677 his
524 1600 747 1702 quotidianis
764 1606 851 1678 meis
869 1601 1007 1677 actibus
1025 1622 1213 1696 versatur3
1232 1638 1283 1657 -··

158 1708 160 1713 ’
199 1726 412 1819 praeterea,
430 1706 568 1810 siquid
589 1706 735 1798 labore,
757 1710 786 1780 si
805 1707 897 1811 qnid
916 1703 1050 1802 studio,
1073 1712 1281 1809 animoque,

87 1820 89 1824 ’
196 1821 232 1895 si
249 1815 613 1919 deniquearmorum
632 1815 813 1889 exercitiis
830 1816 1024 1917 quicquam
1042 1819 1208 1919 possum,
1227 1830 1283 1885 to·

187 1944 281 2007 ‚tum
307 1923 344 1995 in
374 1924 470 2022 pacis
498 1919 608 2015 finem
637 1917 826 2021 dirigitur,
851 1939 887 1994 et
903 1922 1010 2016 illins
1034 1938 1132 1999 certe
1160 1922 1280 2022 pacis,

202 2057 311 2134 qtiam
335 2029 442 2102 sicuti
466 2050 659 2128 quaerere,
695 2028 747 2098 sic
766 2043 803 2099 et
820 2025 947 2109 sonere
971 2022 1115 2131 semper
1144 2027 1279 2131 optari.

202 2137 331 2239 Neque
350 2135 448 2217 enim
466 2135 554 2207 tanti
574 2136 1001 2234 esseteam'expetere,ui
1016 2137 1061 2209 en
1078 2161 1120 2211 ea
1135 2133 1283 2207 maioris

202 2238 342 2328 fructus
364 2265 407 2313 ac
425 2240 503 2313 voti
523 2240 679 2340 pretium
696 2236 946 2337 sqonderetur.
984 2243 1102 2333 Quam
1127 2237 1177 2315 ob
1203 2264 1283 2313 retu

183 2366 370 2452 „paratum
390 2341 499 2447 habet
516 2348 554 2418 in
573 2371 630 2424 me
648 2345 687 2417 B.
699 2346 742 2418 V.
759 2345 918 2438 animum
938 2345 982 2436 ad
1000 2373 1127 2448 pacem
1139 2359 1184 2419 'et
1202 2343 1283 2419 ubi-

166 2519 169 2523 .
203 2480 278 2557 que
303 2448 603 2557 quaerendamet
623 2448 669 2555 ad
690 2475 788 2542 eam,
824 2478 917 2553 quae
944 2469 1046 2555 parta
1072 2469 1128 2553 est
1156 2450 1283 2529 obser·

205 2557 369 2642 vandum.
404 2555 599 2661 opusnest,
627 2572 668 2628 nt
686 2555 727 2628 Β.
746 2557 790 2628 V.
807 2554 1008 2657 praefatum
1031 2561 1139 2641 Dom.
1161 2555 1286 2659 regem

174 2656 189 2762 ‘0
205 2666 313 2741 etiam
343 2677 450 2763 atque
480 2661 587 2769 etiam
601 2679 863 2759 comoneat,
908 2682 949 2739 nt
978 2663 1285 2766 infrascriptiones

206 2771 283 2845 eins
301 2760 528 2870 pacisatq'ue
549 2763 776 2840 conditiones
793 2787 914 2847 mente
932 2788 1071 2865 teneat,
1093 2788 1131 2845 et
1147 2771 1285 2871 pariter

209 2868 410 2955 observare,
430 2889 555 2964 curet,
593 2885 714 2973 utque⁸
730 2874 770 2946 in·
797 2872 868 2950 fide
886 2895 923 2950 et
950 2879 1151 2981 religione,
1175 2901 1285 2979 quam

187 2978 389 3086 ¹suscepit,
425 2995 586 3077 erectam
604 2976 733 3053 faciem
754 2998 874 3082 gerat,
901 3010 948 3058 ne
971 2985 1009 3057 in
1028 3009 1090 3077 ea,
1117 3007 1160 3055 ac
1180 3007 1283 3085 prae·

80 3144 87 3161 .
207 3087 332 3169 sertim
351 3087 453 3181 ,circa
482 3086 778 3186 exstirpationem
805 3087 901 3165 illius
927 3092 1060 3193 peteris
1094 3086 1283 3163 damnatae

157 3220 159 3224 ·
206 3191 399 3289 liae‘reseos
420 3180 772 3288 (Manichaeorum),
803 3219 897 3299 quae
918 3198 960 3273 iu
974 3196 1191 3296 soloregno
1217 3219 1284 3269 sno

195 3292 629 3407 ingraudeeatholic'ae
650 3296 736 3381 fidei
755 3326 829 3374 non
856 3292 1120 3403 praeiudicium
1145 3298 1286 3393 dumta-

190 3422 289 3502 με,
324 3400 457 3489 sedet
475 3399 638 3497 dedecus
656 3400 803 3477 fovetur
822 3423 859 3479 et
878 3400 1057 3511 pullulet,
1085 3406 1286 3487 seeundum

154 3571 157 3577 .
208 3512 311 3616 qnod
330 3509 515 3617 pollicitus
540 3525 615 3603 est,
651 3509 809 3586 titubare
832 3503 1012 3611 ridentur,
1047 3531 1162 3621 prout
1179 3538 1286 3616 super

105 3611 116 3654 ³
207 3615 262 3690 his
285 3611 519 3691 omnibus'll.
541 3614 581 3687 P.
603 3612 645 3687 D.
667 3612 864 3715 tohan‘nes,
887 3612 1089 3723 Episcopus
1110 3614 1286 3701 corrotun-

79 3741 84 3747 ’
207 3725 340 3821 aiensis,
360 3721 399 3825 S,
419 3723 464 3796 V.
481 3722 719 3824 Orator,‘qui·
731 3723 768 3796 in
787 3721 841 3798 his
862 3714 1097 3831 rebus-gestis
1116 3750 1286 3831 praesens
1317 3712 1329 3729 Χ

92 3908 95 3917 ,
207 3827 560 3932 coramqnetderat‘
576 3824 713 3930 poterit
730 3828 772 3902 B.
791 3828 840 3902 v,
852 3830 985 3908 clarius
996 3830 1208 3909 informare.
1236 3872 1283 3882 -·

206 3934 318 4012 Cuius
340 3928 497 4034 ¹pedibus
526 3970 575 4020 ,-
603 3971 655 3987 -··
692 3935 827 4008 Datum
845 3941 882 4013 in
897 3936 1130 4017 Themeswar
1150 3943 1220 4012 XV
1225 3938 1285 4012 tlt.
