2708 4568
167 215 185 257 ”
229 265 305 334 ιιι)
372 264 379 282 2

226 481 253 556 l.
272 477 435 585 pito.)
456 495 600 576 ortum,
629 504 706 556 ase
733 472 911 555 informa
934 472 1101 582 corporis
1127 500 1203 553 non
1223 478 1319 554 mul·

226 604 304 664 tum
320 587 573 682 differentem,
600 587 837 688 militarisque
866 588 976 660 animi
998 589 1134 661 virtute
1150 611 1238 660 suos
1263 589 1319 660 in·.

228 709 287 768 ter
311 697 431 770 socios
449 719 525 766 non
548 694 667 768 minus
686 693 877 768 valentem
912 696 1004 769 Cum
1029 692 1127 767 hoc
1117 695 1230 796 igitur
1247 695 1317 767 mi·

223 800 316 876 lite
305 826 383 918 1pse
400 802 582 875 Dominus
597 796 765 875 Vaivoda
785 825 884 873 arma
902 815 941 876 et
956 815 1091 901 equum
1112 815 1314 875 commuta·

224 905 517 1000 vit,acade1us
537 904 671 980 dese
645 931 785 980 nonem
800 901 934 979 milites
953 906 1213 1000 nonnullos,
1181 908 1316 982 urium

225 1009 464 1106 fortitudine,
492 934 726 1113 bellandique
752 1011 936 1091 desiderio
963 1015 1185 1120 perspicuos
1192 1011 1313 1117 depu-

105 1214 108 1217 Α
205 1121 332 1215 tavit,
359 1135 399 1194 et
422 1118 567 1193 tandem
595 1117 785 1213 omnibus,
824 1144 916 1219 quae
941 1117 1030 1192 belli
1056 1117 1226 1222 exigebat
1250 1145 1340 1194 ne··

120 1227 124 1234 ’
224 1175 433 1348 cessiim,
420 1225 534 1299 multa
554 1222 778 1298 discretione
801 1225 998 1348 ordinatis,
1026 1222 1170 1299 hostem
1192 1227 1314 1328 priori

114 1408 118 1415 ,
224 1331 379 1406 victoria
404 1315 646 1422 tumidum,
636 1359 675 1408 ιιι
703 1329 920 1432 quodam
886 1357 971 1405 ιιοο
991 1333 1151 1462 partium
1165 1330 1325 1452 proedi-¹

223 1452 387 1531 ctarum,
414 1463 526 1510 suas·
519 1436 565 1510 ad
580 1435 719 1509 bellum
737 1455 1019 1555 componentem
1034 1439 1150 1530 acies,
1179 1439 1217 1510 in
1234 1464 1311 1512 ma·

221 1569 293 1646 gna
304 1493 476 1618 aviditate
492 1542 656 1617 bellandi
670 1550 852 1666 aggressus
873 1559 939 1637 est,
955 1560 992 1618 et
1010 1561 1181 1647 tanquam
1197 1544 1310 1620 turbo

95 1682 102 1695 ·
221 1648 371 1752 quidam
386 1643 640 1741 vehemens,
630 1653 741 1724 uruit
768 1674 879 1752 super
905 1675 1085 1745 eum;-
1113 1675 1311 1754 congressu

120 1784 124 1794 ¹
165 1785 169 1790 ·
221 1778 372 1882 guoque
398 1757 437 1830 in
454 1758 596 1878 primo,
632 1758 769 1829 omnia
780 1756 929 1830 illorum
955 1758 1096 1858 agmina
1114 1756 1310 1859 perturbo·

160 1875 180 1911 -’
220 1863 293 1958 vit,
331 1889 375 1937 ac
400 1864 516 1935 varias
542 1863 581 1934 in
608 1859 697 1936 forti
724 1886 874 1937 suorum
899 1860 1048 1935 brachio
1076 1859 1279 1939 distinxit
1268 1891 1309 1939 ιιι

219 1984 352 2072 partes.
380 1968 582 2043 Ferebatur
599 1964 716 2042 hostis
736 1985 893 2089 uterque
910 1994 979 2069 per
994 1968 1106 2043 eolles
1121 1984 1160 2043 et
1175 1969 1305 2064 valles,

113 2127 116 2135 ‚
218 2087 256 2149 c't
272 2099 415 2178 semper
432 2077 471 2149 in
486 2090 589 2148 tanto
610 2076 809 2148 certamine
829 2072 968 2176 gladius
983 2071 1203 2177 hungaricus
1212 2077 1307 2150 Tur·

218 2206 349 2256 corum
365 2177 523 2254 frameae
548 2178 855 2282 superferebatur
882 2179 958 2257 Sed
972 2182 1064 2282 quid
1080 2179 1223 2284 profuit
1239 2209 1307 2286 per

218 2288 419 2363 Dominum
435 2285 640 2362 V'aivodam
661 2286 804 2363 Simoni
833 2285 878 2359 de
899 2289 1093 2389 Kamonya
1119 2287 1306 2391 designata

92 2388 96 2393 ’
217 2393 410 2488 custodia,
449 2397 513 2494 qui
538 2419 628 2466 mox
649 2393 692 2466 in
721 2395 891 2514 primitiis
917 2392 1023 2490 belli,
1059 2392 1304 2496 prodentibus

148 2500 150 2519 '
216 2502 337 2604 ipsum
355 2500 508 2575 Domini
532 2500 589 2574 sui
612 2526 800 2572 armorum
819 2500 1007 2600 insigniis,
1035 2499 1120 2575 loco
1140 2501 1303 2576 ciusdem

216 2607 370 2681 Domini
386 2609 444 2679 sui
453 2607 563 2705 ,ipsa
583 2603 750 2678 custodia
769 2622 805 2678 et
820 2603 990 2680 fidelibus
1011 2608 1119 2683 armis
1133 2607 1207 2679 suis
1225 2628 1303 2681 non

215 2709 463 2806 obstantibus,
485 2713 612 2786 Tureis
629 2697 816 2786 Vaivodae
833 2736 964 2786 eorum
979 2726 1173 2814 praecepta
1189 2713 1305 2787 eti-am

214 2828 301 2908 cum
313 2819 464 2893 interitu
478 2844 717 2930 personarum
730 2816 886 2893 fideliter
900 2819 1196 2941 exequentibus,
1186 2833 1303 2893 mter·

214 2901 331 3000 fectus
348 2924 426 3000 est?
453 2928 505 3000 Ea
519 2943 677 3030 propter
695 2927 868 3000 convenit
884 2929 1115 3000 exercituum
1131 2922 1300 3019 ducibus,
1338 2922 1340 2927 ’

214 3046 257 3106 ut
279 3046 383 3105 suam
412 3049 519 3154 parte
556 3031 602 3104 ab
634 3030 783 3105 adversa
810 3031 1036 3107 abscondant
1065 3033 1299 3136 agnitionem.

212 3118 308 3212 Nam
325 3141 465 3240 saepius
483 3139 655 3260 contigit,
674 3154 726 3231 ut,
746 3136 896 3211 cadente
913 3126 1030 3232 Duce,
1051 3138 1153 3217 ducti
1173 3162 1300 3220 omnes

86 3252 89 3257 '
213 3240 354 3320 cedant
383 3247 559 3321 Fervente
583 3246 696 3348 igitur
722 3245 964 3318 attrocissimo
989 3244 1090 3319 bello
1108 3261 1146 3319 ct
1165 3245 1309 3323 Turris-

210 3353 342 3453 magis
340 3353 379 3425 in
396 3378 452 3425 sur
440 3351 736 3443 defensionem,
765 3377 876 3451 quam
899 3354 937 3424 in
953 3336 1176 3433 uincendum
1195 3349 1300 3431 labo·

48 3498 50 3501 ·
158 3543 161 3547 ,
208 3457 392 3556 rantibus,
422 3483 548 3532 omnes
576 3460 731 3576 captivi,
767 3483 860 3558 quos
877 3455 924 3531 ad
936 3457 1119 3535 villamS
1139 3457 1298 3532 Emerioi

209 3563 279 3638 illis
295 3564 447 3640 obtenta
462 3567 615 3638 victoria
633 3563 803 3656 dederat,
825 3561 977 3638 liberari
999 3580 1037 3636 et
1057 3565 1152 3638 mori
1172 3565 1299 3668 potius

208 3693 320 3772 quam
343 3670 493 3745 illorum
520 3673 726 3773 captivitate
752 3673 916 3772 torqueri
936 3672 1075 3771 parati,
1102 3697 1297 3772 magnam

101 3800 106 3807 ·
208 3776 246 3850 in
272 3801 337 3850 sua
357 3775 569 3851 defensione
597 3775 833 3869 laborabant,
861 3775 943 3851 host
930 3794 981 3850 tes
1011 3775 1214 3851 crudeliter
1229 3801 1296 3881 pe·

127 3949 130 3961 ,
206 3879 384 3956 rimendo
414 3885 574 3959 Dum'o
538 3912 551 3956 1
552 3886 648 3987 gitur
662 3880 826 3957 Vaivoda
845 3881 1036 4004 Mezetbeg
1053 3899 1190 3955 tantam
1209 3907 1296 3958 suae

161 4071 166 4078 ¹
204 3991 317 4087 partis
337 3993 530 4092 conspexit
549 3990 715 4114 caedem,
745 4008 857 4065 cunct
858 3993 887 4064 is
905 4015 987 4064 suae
1006 3991 1117 4107 partis
1143 3991 1295 4093 agmini-
