2708 4568
196 267 271 373 aa

191 505 315 569 rems
333 480 370 555 in
393 478 493 556 dieto
525 505 638 585 regno
665 481 869 585 Hungariae
895 476 1035 553 habitas
1058 492 1096 553 et
1116 478 1272 553 existen·

193 603 268 680 tes,
294 587 509 691 recipimus,
540 586 701 688 puellam
724 586 836 690 ipsam
864 583 965 663 dicto.
985 578 1167 677 Mathiae,
1196 580 1272 687 filio

191 692 342 769 Domini
360 692 625 767 Gubernatoris
644 691 818 781 reddent,
851 708 902 785 et·
915 691 1055 792 nuptias
1075 692 1168 791 ipsas
1190 714 1275 793 per

192 792 315 875 ficient
334 801 489 872 termino
510 800 548 872 in
564 792 737 901 praefixo.
767 798 945 872 Volumus
968 795 1107 887 tamen,
1127 812 1168 868 ut
1186 794 1275 891 dum

192 920 230 979 et
250 902 397 1004 quando
421 904 566 981 volente
582 905 744 977 Domino
770 903 931 1005 praefata
954 900 1073 1002 puella
1090 899 1273 984 Elisabeth
1307 974 1310 978 .

174 1011 310 1112 ‚neptis
329 1027 456 1083 nostra
485 1011 523 1082 in
551 1009 700 1099 domum
727 1006 818 1083 dicti
827 1007 985 1105 Domini
1006 1005 1274 1095 Gubernatoris

192 1113 425 1215 traducetur,
453 1110 535 1219 ¹ipsa
562 1118 599 1189 in
621 1106 694 1189 ritu
713 1112 799 1188 fidei
819 1116 1045 1195 Graecorum
1066 1130 1276 1216 permaneat

192 1236 230 1296 et
245 1246 389 1323 semper
404 1245 488 1311 cum
509 1248 572 1314 ea,
600 1222 694 1293 etin
716 1222 791 1295 eius'
812 1218 996 1324 obsequiis
1016 1235 1117 1296 stent.
1130 1219 1274 1322 presbi-

191 1328 262 1402 teri
283 1354 328 1403 ex
347 1328 574 1427 Graecorum
593 1327 685 1417 ritu,
700 1352 743 1400 ao
762 1325 902 1401 nobiles
921 1343 959 1401 et
978 1327 1088 1413 etiam
1108 1324 1274 1400 dominae

81 1524 83 1532 Ι
191 1447 230 1507 et
255 1432 418 1533 puellae,
457 1458 551 1533 quos
582 1458 649 1505 nos
669 1448 705 1503 et
732 1429 945 1505 filiinostri.
965 1428 1111 1510 adhoc
1141 1430 1275 1532 eligere

191 1538 423 1611 maluerimus
448 1555 485 1611 et
501 1538 694 1631 voluerint.
722 1538 768 1610 Et
787 1555 828 1610 ut
849 1539 927 1639 ipse
945 1538 1126 1615 Dominus
1138 1537 1274 1613 Joban-

156 1694 159 1699 -
191 1668 257 1719 nes
266 1642 503 1719 Gubernator
523 1669 566 1718 ac
585 1643 718 1746 egregii
735 1643 919 1735 Ladislaus
943 1659 978 1719 et
1000 1643 1183 1746 praefatus
1198 1647 1275 1721 Ma·

192 1746 303 1843 thiae,
331 1746 395 1822 lilii
411 1742 592 1842 eitudem',
622 1751 661 1823 in
680 1748 888 1827 huiusmodi
914 1751 1121 1849 nuptiarum
1148 1750 1274 1852 perle-

193 1857 317 1930 ctione
334 1871 371 1929 et
387 1852 580 1955 allinitate,
607 1853 728 1949 futura
746 1848 923 1931 ceitiores
942 1853 1164 1951 efficiantur,
1184 1881 1274 1932 con·

191 1956 323 2063 fisique
346 1959 392 2035 de
418 1958 543 2035 eadem
565 1978 602 2035 et
623 1963 778 2037 amicitia
798 1960 932 2037 exinde
952 1977 1120 2045 secutura
1144 1960 1287 2061 volun·-

192 2068 260 2141 tltti
276 2093 318 2143 ac
331 2066 425 2143 votis
436 2068 567 2145 nostris
578 2093 631 2149 ⁴eo
648 2065 852 2171 diligentius
869 2084 931 2142 aut
946 2066 1140 2143 studiosius
1154 2070 1195 2145 se
1210 2069 1292 2141 co·’

192 2190 319 2277 aptare
352 2190 390 2247 et
419 2172 845 2267 conformarelvaleant,
886 2173 958 2247 tale
976 2172 1172 2249 'vinculum
1201 2199 1273 2278 pro

191 2281 373 2383 promisso
394 2277 599 2372 adiecimus,
624 2297 666 2353 ut
684 2277 748 2383 ubi
769 2305 837 2353 nos
856 2296 892 2353 et
912 2278 1020 2354 nobis
1042 2281 1188 2355 interim
1211 2277 1275 2353 de·

193 2379 360 2475 centibus
377 2384 525 2479 domina
547 2411 697 2460 consors
713 2412 755 2459 ac
773 2383 838 2479 fllii
857 2387 972 2485 nostri
992 2384 1061 2460 seu'
1077 2386 1275 2488 alii,.quo·

191 2517 275 2566 rum
291 2493 468 2584 intererit,
487 2516 613 2567 eorum
631 2493 785 2594 propria·
797 2490 984 2594 voluntate
1002 2508 1064 2565 aut
1083 2488 1275 2567 cuiuscun-

96 2599 128 2672 “,
192 2622 265 2701 que
293 2596 548 2700 consanguinei
573 2594 816 2700 praescriptae
843 2597 985 2699 puellae
1003 2594 1185 2671 Elisabeth
1205 2599 1274 2671 im·

189 2701 442 2824 pedimentuut
469 2720 507 2776 et
541 2701 868 2791 contradictionem
897 2697 1108 2806 allegantes,
1144 2728 1208 2778 seu
1235 2700 1274 2777 id

190 2805 601 2908 tudieiossecclesiastico
624 2825 686 2883 aut
715 2809 890 2891 saeculari
920 2805 1177 2901 immiscendo,
1211 2826 1275 2884 aut

175 2912 302 2989 etiam
323 2915 405 3019 ipsa
418 2914 544 3036 puella
562 2910 743 2991 Elisabeth
771 2941 817 2989 eo
841 2931 928 2989 tuuc
958 2912 1112 2991 fortasse
1137 2913 1273 2991 dissen-

113 3044 116 3048 ·
191 3018 334 3116 ciente,
369 3047 472 3096 curtas
496 3021 718 3107 voluntatem
742 3047 809 3124 per
832 3016 904 3095 hoc
923 3019 1112 3104 ,uinculum
1139 3047 1273 3126 cogere

189 3150 267 3203 non
281 3125 522 3222 intendimus,
551 3144 589 3203 et
605 3118 821 3232 generaliter
841 3126 1086 3233 qualicunque
1104 3125 1151 3203 de
1168 3155 1273 3203 causa

31 3303 37 3311 .
136 3322 138 3328 ¹
189 3249 253 3308 aut
271 3234 517 3337 cuiuscunque
535 3233 590 3309 vel
609 3256 917 3337 quorumcunque
937 3230 1202 3341 impedimento
1216 3235 1272 3309 in·

64 3382 67 3387 r
189 3340 434 3433 terreniente,
467 3344 478 3415 i
508 3365 583 3414 sam
609 3340 767 3447 puellam
792 3334 979 3415 Elisabeth
1002 3334 1161 3415 antefato
1184 3340 1272 3423 Ma-

188 3440 286 3521 thiae
311 3443 360 3521 ad
381 3473 428 3550 pr
485 3470 584 3533 ,xum
599 3446 805 3521 terminum
834 3443 880 3521 ad
905 3441 1167 3539 traducendam
1194 3471 1273 3521 non

187 3548 444 3663 gedderemus,
476 3552 552 3631 seu¹
569 3576 647 3629 uon
671 3548 888 3647 redderent,
923 3566 987 3625 aut
1012 3548 1168 3627 reddere
1195 3578 1273 3628 non

187 3679 374 3760 possemus
393 3659 462 3737 -rel
480 3658 558 3735 nou
576 3666 743 3761 possent,
775 3659 1093 3763 praescriptusque
1122 3657 1271 3762 nuptias

187 3784 265 3839 non
281 3760 561 3866 perficeremu,
588 3760 753 3839 autnon
779 3757 1017 3870 perlicerent,
1051 3779 1187 3839 extunc
1212 3789 1271 3839 ca·

188 3881 283 3962 stru,
301 3866 486 3967 civitates,
499 3865 658 3974 oppida,
684 3871 925 3971 possessiones
940 3884 978 3945 et
997 3866 1103 3943 villae
1123 3885 1271 3945 nostrae

187 3970 408 4086 aclhliorum
426 3994 630 4067 nostrorum
652 3972 948 4081 praedictorum,
971 3971 1148 4071 'yidelicet
1164 3974 1272 4053 Mun·
