2708 4568
83 563 86 566 ,
179 486 501 594 Margaretba,
521 489 524 495 ’
547 489 676 564 relicta
707 483 864 564 condem
889 485 1048 561 Domina
1074 483 1265 565 Michaelis

179 597 321 700 Zilagyi
343 595 390 671 de
403 594 634 705 Horognegb,
653 596 825 698 perpetui
840 594 993 666 Comitis
1012 591 1265 689 Bistriciensis,

178 701 301 777 fratris
328 705 444 779 nostri
478 701 679 778 charissimi
695 755 724 801 ,A
743 698 860 774 felicis
885 699 1101 791 memoriae,
1118 750 1121 757 ·
1139 704 1264 777 omnia

106 884 108 895 ,
174 825 312 901 castre,
341 809 504 903 castelle,
534 811 719 910 civitates,
747 803 901 911 oppida,
929 805 1030 877 villas
1053 822 1091 878 et
1111 834 1206 909 quae
1224 825 1263 884 et

175 936 268 1016 quas
286 914 404 990 dictus
426 912 582 1001 condem
599 917 731 990 Comes
748 909 925 1004 Michael‚
944 908 1205 991 fraternoster
1223 931 1263 990 et

125 1056 139 1069 ·’
173 1020 356 1096 Dominus
375 1037 484 1124 etque
505 1024 653 1095 maritus
673 1040 776 1110 suus,
804 1015 950 1091 tenebat
972 1033 1010 1090 et
1026 1019 1258 1120 possidebat,

172 1143 320 1230 praeter
348 1145 465 1203 castre
489 1125 602 1228 Dyod
626 1142 664 1199 et
679 1122 910 1226 Viligosrair,
939 1149 982 1196 nc
1003 1125 1260 1226 oppida’Tbur,

170 1248 209 1308 ct
225 1230 369 1308 Versdn
388 1250 538 1326 vocate,
572 1231 753 1307 Maiestati
778 1247 927 1303 nostroe
951 1227 1109 1330 reddere
1134 1249 1173 1306 et
1197 1259 1258 1307 re·

171 1340 289 1443 sigere
308 1325 498 1440 promisit,
526 1354 564 1412 et
584 1363 623 1412 se
642 1334 983 1440 superinde'ditteris
1002 1338 1077 1412 suis
1095 1337 1256 1413 medien-

92 1474 94 1479 “
158 1443 290 1538 tibus,
318 1443 391 1518 fide
415 1461 453 1520 et
477 1436 681 1541 iuramento
695 1467 774 1517 ‚suo
791 1439 961 1535 firmatis,
988 1443 1097 1520 nobis
1115 1445 1255 1551 obliga.

129 1616 132 1621 .
168 1550 242 1644 vit3
268 1551 379 1653 igitur
394 1551 616 1626 nostumex
633 1574 679 1624 eo
698 1564 888 1651 respectu,
916 1564 995 1632 tum
1013 1573 1104 1624 vero
1125 1577 1252 1647 exeo,

168 1671 211 1731 ut
240 1657 321 1761 ipsu
344 1654 474 1731 orbata
502 1681 569 1730 suo
596 1655 678 1730 viro
703 1652 906 1731 honestem.
919 1672 958 1729 et
979 1653 1145 1759 dignitati
1169 1685 1253 1736 suse

94 1797 112 1825 ι
165 1779 430 1864 congruentem
461 1777 498 1837 ct
525 1776 796 1862 competentem
826 1762 937 1836 vitem
960 1761 1095 1839 ducere
1116 1767 1251 1868 possit,
1290 1837 1295 1847 .

170 1883 328 1958 castrum
341 1885 509 1944 nostrum
524 1867 651 1971 Dyod,
668 1866 776 1945 simul
793 1891 877 1941 cum
895 1867 1064 1950 omnibus
1079 1871 1157 1945 eius
1173 1898 1252 1974 per-

169 1975 348 2068 tinentiis,
378 1972 512 2076 quibus
535 1971 691 2069 modam
708 1974 839 2048 Comes
853 1971 1033 2065 Michael,
1053 1973 1170 2050 frater
1184 2003 1250 2053 no·

168 2096 264 2173 ster,
293 2084 410 2156 tenuit
434 2096 473 2157 et
496 2079 738 2183 proventibus
756 2081 891 2153 nostris
910 2080 1248 2186 quinquagesimali·

121 2239 125 2247 -
168 2184 239 2260 bus
256 2185 301 2261 de
323 2184 541 2262 huiusmodi»
560 2185 787 2288 pertinentiis
812 2184 973 2260 eiusdem
992 2192 1101 2262 castri
1116 2192 1249 2283 nostri,

64 2355 69 2364 .
165 2294 363 2397 provenire
384 2291 626 2384 debentibus,
663 2289 782 2366 eidem
804 2294 985 2367 Dominae
1003 2295 1250 2398 Margaretbee

163 2399 236 2471 vitu
253 2399 325 2472 sibi
341 2402 475 2476 comite
493 2398 658 2473 dedimus
683 2414 721 2471 et
739 2401 1002 2496 commisimus,
1023 2404 1097 2478 imo
1124 2402 1249 2488 dumus

165 2519 202 2578 et
220 2509 502 2598 committimus,
531 2523 568 2580 et
597 2505 832 2579 nibilominus
856 2532 925 2607 pro
951 2510 1248 2612 omnibusimpi·

81 2613 84 2619 ’
163 2612 421 2712 gnorantibus,
459 2610 664 2709 debitisque
687 2636 729 2685 ac
750 2610 836 2684 dote
862 2628 899 2684 et
924 2611 1033 2687 rebus
1053 2615 1248 2719 parapherf

99 2756 107 2771 ·›
163 2715 327 2808 nulibus,
355 2712 392 2791 'et
409 2720 479 2818 pro
502 2715 763 2791 omnibus-aliis
782 2718 928 2791 iuribus.
941 2720 1103 2795 eiusdem
1122 2724 1256 2808 Domi·

162 2845 232 2895 nee
259 2822 510 2927 Margaretbae
528 2879 555 2919 ,Ι
577 2848 671 2924 quae
696 2821 825 2909 endem
851 2851 896 2898 ex
915 2825 1028 2902 ‘bonis
1060 2847 1097 2902 et
1123 2829 1247 2902 castris

162 2926 351 3031 praefatis,
387 2945 536 3004 mortuo
564 2928 667 3004 dicto
700 2929 857 3004 condam
884 2932 1027 3025 Comite
1045 2933 1262 3027 Michaele,

119 3049 122 3060 '
161 3036 324 3119 Domino
343 3053 380 3111 et
400 3039 642 3135 maritosuo,
671 3037 814 3122 anobis
834 3039 1168 3144 quomodocunque
1186 3040 1247 3115 be·
1285 3098 1292 3107 .

130 3134 133 3140 ’
163 3137 254 3231 bere
273 3145 468 3244 potuisset,
495 3136 554 3216 vei
571 3141 773 3217 babituram
787 3167 826 3217 se
847 3139 1085 3244 praetendere
1103 3164 1228 3250 posset
1235 3175 1247 3242 3

53 3254 56 3260 ’
116 3260 120 3273 ‘
161 3264 319 3321 castrum
344 3266 512 3324 nostrum
538 3248 751 3349 Yildgosvt'tr
773 3249 997 3352 praefatum,
1031 3255 1137 3330 simul
1163 3279 1248 3330 cum

162 3352 333 3430 omnibus
354 3355 582 3461 pertinentiis
600 3357 694 3446 illis,
726 3355 861 3457 quibus
886 3358 1043 3434 condam
1063 3363 1246 3462 Despotus

161 3452 314 3534 unciae
335 3463 528 3552 tenuisset,
561 3463 602 3535 ac
622 3458 758 3565 oppida
782 3472 905 3537 nostra
932 3467 1005 3569 iam
1023 3465 1125 3541 dicte
1144 3464 1246 3543 Thur

25 3638 33 3656 ,
160 3579 198 3639 et
214 3564 352 3640 Varsr'rn
372 3595 441 3670 pro
460 3583 600 3669 septem
616 3560 774 3667 mutibus
790 3564 1014 3646 florenorum
1033 3575 1111 3647 euri
1131 3601 1244 3649 anno·

59 3701 70 3750 ᾳ
160 3685 254 3745 tatae
278 3671 705 3777 Dominae‘Magerctbae
729 3674 977 3778 inscripsimus
1000 3678 1243 3783 etimpigno·

158 3777 296 3865 vimus,
324 3781 399 3853 imo
426 3780 657 3874 inscribimus
678 3796 716 3855 et
739 3781 1022 3885 impignoremus
1049 3788 1111 3859 tali
1129 3786 1242 3868 modo

157 3884 230 3956 etc.
267 3883 546 3967 Datumuudae
563 3885 661 3961 'feria
681 3889 788 3963 tertia
807 3892 978 3992 proxima
1004 3907 1088 3967 ante
1107 3891 1242 3968 festum

125 4024 141 4039 -·
155 3987 259 4064 Beati
277 3990 430 4097 Georgii
445 3991 620 4096 Martyris
638 3992 748 4072 Auno
766 3994 918 4075 Domini
935 3996 1135 4082 millesimo
1154 4014 1259 4109 qut·x

155 4089 680 4207 dringetnstnnsexageino
700 4099 829 4204 primo.
1201 4168 1206 4175 .
