2708 4568
1062 326 1065 333 μ
1135 321 1213 437 ³¹⁹.
1300 268 1311 277 ,,

125 525 259 601 roczii:
298 520 599 624 „Sigismundus,
624 523 767 596 virtutis
785 523 933 607 nomine
951 525 1127 625 genitoris
1146 527 1214 597 mi-

126 632 200 707 litis
217 627 323 726 huius
333 623 518 728 (Joannis)
528 628 704 731 pulsatus,
717 627 821 702 illum
836 627 1003 732 partibus
1021 627 1067 705 de
1083 630 1215 704 Trans·

127 738 258 839 alpinis
283 761 390 810 suum
411 732 615 810 traduxisse
642 736 680 808 in
699 733 922 835 dominium,
959 736 1086 837 suique
1110 730 1214 839 regni
1272 756 1274 760 ·

127 845 232 918 illum
256 837 415 916 incolam
431 840 616 933 effecisse,
645 857 683 916 et
703 837 936 919 nibil-eminus
959 840 1068 945 digna
1083 868 1215 947 perpe·

126 967 268 1049 tuaque¹
293 947 462 1022 ‘eumdem
488 947 701 1021 munitionis
715 945 876 1047 Hunyad
904 950 1129 1048 possessione
1148 947 1215 1023 do·
1281 992 1283 996 ι

127 1053 257 1129 tasse.“
292 1052 419 1151 RJV.
451 1079 530 1155 cap..
552 1053 674 1126 XXX.
700 1069 769 1131 etc.
810 1052 864 1151 3.)
890 1055 1066 1149 Vlricus,
1085 1046 1216 1133 Comes

128 1161 258 1254 Ciliae,
286 1186 399 1262 genus
418 1161 494 1234 eius
515 1161 685 1235 caninum
701 1158 809 1233 dixit:
836 1175 891 1233 ast
912 1157 983 1235 hoc
1002 1163 1215 1274 neutiquam

129 1293 176 1340 ex
200 1267 330 1349 mentis
353 1266 604 1369 persuasione,
633 1291 735 1340 secus
755 1264 1013 1342 filio‘eiusdem
1032 1268 1213 1361 Matthiae,

128 1370 359 1471 Catharinam
385 1370 497 1475 liliam
530 1399 632 1462 suam
659 1373 807 1447 unicam
836 1370 1088 1475 despondisset
1126 1399 1215 1447 neu-

129 1479 269 1581 tiquam
297 1477 398 1576 (vide
416 1478 587 1581 Diploma
600 1481 679 1553 nro
700 1478 794 1576 LV.)
829 1479 1002 1555 Insolenti
1022 1478 1214 1582 superbia,

126 1584 234 1659 inerti
252 1581 386 1671 invidia
416 1582 635 1661 obcoecatus
661 1584 808 1660 insidias
836 1584 995 1688 Johanpi
1016 1587 1214 1689 Hunyadio

127 1692 281 1788 struxit,
318 1688 373 1765 his
391 1685 601 1765 'identidem‘
624 1689 750 1775 elusis,
776 1693 814 1762 in
834 1694 993 1765 convitia
1016 1708 1059 1778 ‚et
1080 1694 1215 1768 calum·

131 1799 208 1882 nias
230 1799 350 1900 erupit
403 1822 492 1898 quas
519 1794 572 1867 de
584 1796 668 1871 Roo
693 1793 765 1870 fide
784 1793 894 1897 digne
913 1813 1097 1891 recenset,
1127 1825 1215 1872 con·

129 1901 299 1979 cludens:
327 1851 506 1996 „loannis
517 1900 670 2000 Corvini
684 1899 909 2005 desiderium
929 1900 1073 1978 levabat
1087 1904 1215 1979 Cilien-
1285 1895 1303 1958 Ῑ

126 2011 195 2105 sis,
232 2011 296 2110 qui
316 2007 538 2090 immortales
560 2002 766 2091 inimicitias
786 2035 917 2113 gerens
938 2009 1121 2085 sublatum
1138 2035 1215 2085 esse

128 2116 231 2212 illum
258 2112 471 2206 dictitabat,
505 2139 576 2215 per
603 2114 714 2214 quem
734 2131 884 2190 steterat
903 2113 1099 2210 hactenus,
1137 2123 1213 2216 quo

127 2222 242 2295 minus
262 2222 344 2296 Rex
362 2222 567 2321 Hungariae
587 2222 690 2334 regni.
711 2219 788 2297 frui
804 2223 995 2324 potuisset.
1022 2218 1216 2298 Gaudebat
1317 2261 1326 2281 ·

128 2329 187 2402 ille
208 2354 285 2401 non
304 2346 378 2403 tam
406 2326 510 2401 clade
527 2328 761 2422 Turcorum,
786 2355 896 2431 quam
924 2328 1056 2407 aemuli
1075 2346 1213 2424 morte,

127 2437 270 2536 iamque
291 2435 543 2539 gubernatoris
563 2459 692 2507 munus
711 2433 779 2508 sibi
797 2433 1049 2539 promittebat.
1078 2437 1160 2525 Qua
1176 2438 1215 2529 in

128 2567 170 2615 re
188 2566 236 2614 ne
252 2534 513 2646 impediretur,
529 2558 643 2614 omne
659 2539 804 2637 odium,
824 2567 901 2643 quo
924 2540 1105 2639 eumdem,
1127 2541 1215 2617 dum
1278 2627 1280 2631 ¹

128 2650 288 2741 viveret,
316 2644 528 2750 persecutus
549 2663 644 2739 erat,
672 2648 711 2720 in
729 2644 806 2724 eius
833 2647 925 2722 filios
945 2649 1135 2743 conuertit.
1172 2647 1220 2724 Id,
1311 2718 1320 2729 ,.

128 2751 220 2828 adeo
247 2738 323 2827 bon
337 2753 461 2858 potuit
483 2750 728 2848 dissimulare,
755 2772 797 2830 ut
812 2754 931 2859 palam
949 2752 1143 2858 aliquando
1160 2753 1234 2850 di-‚

128 2859 236 2954 xerit,
259 2858 364 2937 brevi
381 2885 420 2938 se
436 2861 605 2932 caninum
622 2859 721 2933 istud
740 2888 852 2964 genus
868 2887 914 2935 ex
929 2862 1115 2969 Hungaria
1132 2887 1216 2965 pro·

128 2960 360 3070 fligaturum“
386 2964 411 3037 l.
431 2989 479 3061 0.,
493 2992 576 3067 pag.
595 2968 684 3038 224.
706 3005 767 3047 ,-
795 2962 934 3047 Odium
959 2958 996 3039 et
1023 2968 1212 3040 inimicitia

128 3074 242 3148 aliena
267 3087 351 3145 sunt
374 3100 395 3146 a
418 3072 580 3145 veritate.
623 3067 674 3172 4.)
712 3070 987 3176 sigismundum
1021 3074 1215 3147 sacerrima

128 3178 276 3281 quaevis
300 3176 529 3251 matrimonia
548 3202 613 3249 sua
637 3177 780 3252 lascivia
805 3179 1029 3281 inquinasse:
1066 3194 1121 3251 ast
1143 3179 1215 3271 cri·
1284 3184 1287 3189 ’

128 3312 212 3359 men
229 3283 502 3389 impingendum
519 3283 656 3358 nemini
669 3285 739 3359 nisi
758 3283 979 3388 probatum,
998 3285 1115 3386 ipsum
1133 3286 1233 3359 viva¹

129 3394 200 3466 iam
220 3392 374 3494 coniuge
393 3391 511 3464 Maria
537 3390 969 3492 excessisseprobaverit
987 3416 1113 3490 nem03
1141 3390 1215 3471 Eli·
1278 3466 1280 3471 ,

128 3497 313 3572 sabetham
345 3494 626 3573 Morsinaianam
661 3495 889 3591 deflorasse,
929 3512 971 3572 ut
1003 3492 1213 3588 credamus,
1306 3576 1312 3584 ἢ

115 3608 328 3709 temporis,
351 3603 650 3703 narrationisque.¹
666 3600 837 3677 adiuncta
856 3618 990 3677 vetant.
1026 3599 1085 3696 5.)
1105 3602 1214 3676 Joan'-

130 3713 187 3785 nis
209 3711 378 3803 Corvini,
403 3706 568 3798 Mathiae-
591 3710 687 3809 regis
707 3707 833 3804 nothi,
864 3711 902 3782 in
922 3715 1046 3810 regem
1066 3710 1215 3810 Hunga-
1334 3746 1336 3752 ·

129 3821 206 3889 riae
237 3815 390 3918 eligendi
420 3813 566 3916 patroni
602 3817 796 3888 nativitatis
827 3813 988 3888 eiusdem
1018 3814 1139 3888 labem
1168 3839 1214 3888 eo

129 3922 317 4010 diluerant
343 3936 572 4024 argumento,
621 3946 730 3994 avum
757 3923 867 3995 etiam
900 3919 997 3994 illius
1027 3921 1214 4025 illegitimo

129 4026 239 4106 fuisse
264 4028 373 4102 thoro
393 4025 634 4130 progenitum,
668 4064 720 4080 -
745 4027 863 4103 Huius
885 4028 928 4111 *in
950 4027 1041 4101 actis
1066 4029 1214 4102 electio»
1325 4122 1328 4127 ι
