2708 4568
135 201 212 277 336
232 240 235 244 ·

131 411 217 490 bine
237 422 323 487 ortu
334 420 439 506 erut,
467 408 570 515 quod
588 404 872 514 ignequondam
890 411 937 486 D.
955 412 1087 489 comes
1103 410 1216 493 'Joan·.

132 546 195 595 nes
218 546 260 594 ea
282 535 512 621 tempestate,
548 544 662 620 quum
691 515 809 590 adhuc
831 515 1102 621 gubernationis
1118 520 1218 597 ¹sun·

6 723 9 727 .
130 644 280 732 geretur
299 624 446 719 officio,
473 651 494 697 a
514 624 769 698 Romanorum
792 625 893 726 Rege
917 650 987 727 pro
1012 653 1089 701 non
1110 630 1218 727 resti·

133 735 276 809 tutione
304 748 463 827 coronae
494 747 532 804 et
556 731 663 833 pueri
692 731 787 835 regis
812 754 948 831 poenas
965 735 1140 836 exigens,
1177 736 1218 807 in

134 842 245 943 ipsius
262 835 303 913 C.
321 834 456 931 Vlrici,
483 846 669 938 tamquam
689 832 851 908 eiusdem
876 839 1126 917 Romanorum
1144 839 1218 914 Re·

134 948 189 1050 gia
208 943 543 1048 partem‘tenentia,
566 968 604 1016 se
620 942 811 1045 ingesserit·
826 944 1039 1020 offensam.“
1064 956 1117 1003 ὲ-
1145 950 1220 1020 Ae·

134 1066 219 1126 neae
237 1049 402 1151 Sylvius:
430 1050 530 1141 „Per
546 1046 643 1123 idem
668 1042 816 1152 tempus
832 1048 944 1124 multa
963 1049 1135 1125 adversus
1152 1054 1217 1127 Jo-

135 1154 292 1231 bannem
308 1152 603 1230 Gubernatorem
618 1151 741 1228 dicere
757 1157 939 1260 Hungari:
966 1172 1160 1258 tyrannum
1174 1175 1220 1232 et

137 1261 482 1366 regbiproditorem
497 1258 697 1362 appellare,
727 1263 791 1361 qui
811 1258 902 1336 duos
920 1265 1119 1358 exercitus,
1141 1277 1219 1338 ma'·

137 1370 343 1466 ximamque
371 1366 476 1468 regni
501 1366 631 1438 Turcis
664 1384 805 1468 partem
835 1366 1058 1468 prodiderit,
1108 1371 1218 1447 ΡοΙο.ὁ

136 1497 298 1575 numque
314 1495 438 1574 regem
465 1494 547 1547 neor
564 1471 762 1567 obiecerit,
792 1500 889 1549 nunc
914 1468 1219 1578 regnum'gravis·

40 1648 44 1659 .
135 1582 228 1658 timo
247 1580 334 1683 iugo
350 1592 511 1682 premat3
545 1603 665 1679 neque
684 1579 739 1654 ius
767 1578 882 1674 dicat,
910 1606 1030 1681 neque
1051 1608 1097 1656 ex
1115 1583 1226 1659 bono

135 1685 291 1790 populos
312 1699 436 1789 regat,
466 1681 652 1759 advenisse
677 1710 763 1759 suae
791 1685 992 1786 tyrannidis
1016 1687 1147 1784 finem3
1176 1690 1220 1764 li·

122 1793 303 1871 beratum
322 1815 369 1864 ex
386 1788 553 1864 manibus
571 1790 802 1891 Imperatoris
824 1796 1009 1897 regemin
1029 1793 1105 1869 dies
1127 1797 1225 1871 effu--

71 1904 79 1927 '
136 1916 287 1997 mrum,
301 1897 365 1999 qui
384 1894 584 1998 superbum
601 1893 788 1973 hominem
807 1899 1011 1973 conterat.“
1029 1903 1138 1994 „Mor
1158 1903 1218 1979 bie

135 2005 264 2112 populi
288 2019 361 2095 est,
398 2026 542 2103 semper
572 2018 745 2078 venturus
770 2021 927 2100 amatur3
966 2005 1133 2081 odiosum
1163 2026 1219 2087 est

136 2100 329 2214 imperium
357 2123 470 2183 vetus.
507 2108 629 2182 Maior
652 2111 756 2213 regni
780 2113 836 2186 uia
853 2110 1023 2187 adversus
1040 2116 1219 2191 Joannem

135 2208 270 2296 sentire
291 2212 501 2309 videbatur3
536 2214 764 2318 muttumque
789 2217 843 2290 illi
866 2216 1033 2293 Comes
1060 2220 1218 2317 Ciliae

71 2347 73 2351 ‘
134 2324 307 2399 advertus
332 2318 572 2415 credebatur,
600 2336 784 2424 tamquam
803 2323 868 2398 illo
888 2351 933 2399 ex
952 2327 1221 2428 gubernatione

134 2431 237 2536 regni
259 2426 402 2501 deiecto
432 2426 557 2502 locum
575 2429 649 2525 eius
673 2431 971 2531 occupaturus.“··'
984 2435 1073 2506 Hist.
1091 2432 1217 2507 Fride-

135 2540 368 2636 ricip.120.
406 2532 577 2633 scriptor
599 2534 748 2628 illustris
775 2535 943 2612 Austriae
968 2536 1015 2611 de
1036 2540 1119 2612 Roo
1145 2541 1216 2615 ait:

136 2641 263 2737 „Nihil
281 2640 397 2711 minus
418 2654 516 2712 certe
535 2638 817 2742 promerebatur
837 2646 1014 2720 Corvinus
1032 2648 1213 2738 Joannes,

135 2772 246 2853 quam
265 2741 394 2818 fraude
414 2759 488 2817 tam
509 2747 725 2837 'veteratoria
745 2763 784 2823 et
806 2747 940 2823 falsis
968 2752 1215 2825 calumniis

135 2858 230 2958 peti:
257 2849 323 2926 sed
341 2874 398 2924 res
417 2848 593 2926 humanae
613 2851 659 2925 ad
678 2850 774 2927 bunc
793 2854 946 2930 modum
966 2882 1042 2932 sese
1062 2857 1217 2951 babent,

136 2978 177 3035 ut
196 2955 501 3062 quemadmodum
520 2961 564 3052 ii,
591 2958 724 3059 quibus
743 2986 809 3062 per
826 2962 941 3036 solem
961 2966 1032 3038 iter
1050 2980 1115 3059 est,
1130 2992 1217 3039 um·

134 3067 240 3142 bram
269 3064 711 3164 necessarioproi-ieiunt,
749 3087 899 3169 eamque
919 3070 1052 3164 velint,
1076 3072 1215 3164 nolint,

136 3175 310 3249 co'mitem
335 3168 488 3266 babent3
527 3172 595 3264 ita,
624 3175 688 3273 qui
707 3170 754 3245 ad
772 3174 923 3274 gloriam
942 3201 1028 3251 vera
1043 3180 1217 3251 *nituntur

136 3283 212 3373 via,
240 3279 321 3353 tine
339 3274 475 3349 invidia
501 3279 643 3379 agitare·
660 3296 863 3379 nequeunt3
890 3283 966 3355 urit
981 3285 1079 3357 enim
1093 3283 1217 3386 splen·

136 3385 228 3460 dore
252 3385 322 3475 uui,
343 3383 405 3482 qui
425 3399 642 3485 praegravat
665 3400 759 3458 artes
779 3386 872 3462 infra
896 3412 936 3461 ae
955 3392 1116 3490 positas“
1138 3390 1163 3464 Ι.
1181 3415 1214 3463 c.

133 3522 171 3598 p.
188 3499 277 3565 2-20.
317 3484 517 3562 Confirmat
541 3490 711 3564 Petrus
738 3490 792 3566 de
818 3495 973 3586 uena,
1001 3495 1215 3593 deHunya·

133 3597 197 3671 dio
224 3595 419 3671 disserens:
461 3595 551 3673 Post
575 3595 719 3670 obitum
736 3599 885 3673 Joannis
913 3602 1062 3675 Corvini
1090 3601 1214 3677 Ludis·

71 3760 75 3771 ,
133 3705 230 3799 laut,
268 3700 333 3803 qui
358 3724 476 3802 nuper
508 3699 634 3776 audito
661 3700 820 3778 hostium
845 3702 892 3778 ad
914 3707 1130 3809 Belgradum
1151 3703 1213 3778 ad·

130 3825 260 3903 ventu,
286 3803 390 3883 Buda
407 3804 475 3880 sub
500 3811 625 3911 specie
643 3812 842 3913 venationis
861 3836 1022 3912 egressus
1036 3815 1216 3890 Viennam

131 3915 241 4009 abiit,
277 3910 368 3992 nibil
391 3914 568 4016 praeclari
597 3916 723 4019 gessit,
752 3914 1118 4013 ,domesticaa'solum
1143 3937 1215 3996 tra·
