2708 4568
1081 316 1094 339 ‘'
1127 308 1234 418 aas

195 547 309 631 Fuerat
329 549 404 616 haee
420 543 616 639 margaretha
632 546 804 618 testimonio
815 545 941 642 Capituli
960 547 1106 620 Ecclesiae
1115 554 1236 618 sedena

249 659 288 721 sis
302 678 383 719 anno
401 655 493 718 1464.
517 657 673 718 Dominiea
690 658 827 741 proxima
844 669 915 742 post
927 661 1036 723 festum
1053 663 1112 720 ΒΒ.
1125 658 1235 721 Tibur·

250 762 284 824 tii
295 770 331 822 et
347 758 497 824 Valeriani
513 761 589 821 MM.
608 755 699 822 Patre
715 757 870 843 Stephano
888 757 1032 829 Ballioni,
1051 758 1158 822 Curiae
1174 778 1237 840 reg·

155 870 157 874 '
251 861 362 925 Jndiois
379 869 537 945 prognata.
558 859 701 943 Kaprinai
720 861 796 922 Hist.
816 860 896 945 Dipt
917 864 947 923 P.
969 865 1003 921 ll.
1024 883 1054 944 p·
1070 859 1130 922 481
1150 880 1218 943 εᾳῳ

584 1071 801 1159 LXXXIX.

158 1249 317 1308 Homeros
342 1245 498 1307 maltum
518 1244 672 1319 Iohannis
697 1241 735 1305 de
748 1241 911 1327 Hunyad,
941 1266 981 1305 ao
1006 1248 1110 1307 virtus
1131 1225 1244 1327 polam
1339 1308 1344 1315 ,

186 1365 193 1375 ’
253 1352 373 1432 agnita.
395 1351 457 1412 An.
480 1348 573 1413 1463.
620 1414 626 1424 ,
677 1390 679 1395 ·
1103 1442 1113 1481 ὅ

253 1493 405 1597 Egregie
424 1488 545 1568 Miles!
581 1493 652 1585 Ea,
681 1519 774 1594 quae
795 1509 868 1567 tam
889 1496 970 1570 viva
991 1522 1083 1571 voce
1103 1515 1243 1602 propo⁴

159 1600 299 1690 suistisq'
334 1620 443 1703 qnam
468 1601 576 1677 etiam
595 1600 796 1701 inscriptis
818 1599 1023 1694 obtulistis,
1051 1602 1243 1680 serenissi-

92 1732 95 1737 ·
156 1729 237 1779 mus
254 1702 433 1780 Dominus
462 1721 586 1779 noster
602 1703 685 1776 Rex
709 1723 882 1777 unacum
908 1708 980 1780 suis
1000 1708 1243 1805 Consiliariis,

123 1833 140 1872 s·
155 1808 326 1887 Pmelstis
345 1827 383 1884 et
402 1806 603 1884 Baronibus
618 1806 715 1882 clare
733 1808 931 1903 intellexit,
960 1826 997 1884 et
1018 1809 1181 1890 breviter
1205 1816 1244 1889 in

150 1913 255 1990 hunc
280 1915 431 1992 modum
458 1910 673 2014 respondet:
695 1915 876 2005 ¹Primum
892 1916 930 1988 in
948 1940 1015 2010 eo,
1039 1919 1141 2021 quod
1160 1947 1244 1995 nar·

157 2024 261 2097 rastis
277 2061 303 2115 ‚·
323 2025 443 2125 aliqua
472 2021 643 2094 multum*
660 2019 758 2117 bona
790 2045 885 2094 nova
914 2025 1033 2125 regiae
1056 2027 1240 2101 Maiestati
1266 2048 1283 2061 ”

74 2141 78 2150 “
160 2145 197 2203 et
219 2131 292 2202 vias
319 2150 361 2204 ac
385 2127 515 2203 modos
540 2125 585 2199 ad
611 2151 652 2199 ea
680 2127 937 2229 consequenda
965 2132 1150 2232 tetigistis,
1178 2131 1240 2206 illa

160 2239 282 2309 omnia
307 2263 372 2309 sua
387 2234 568 2309 Serenitas
596 2232 927 2330 libenteraudivit,
966 2260 1009 2309 ac
1030 2237 1132 2338 quod
1149 2241 1245 2314 inter

158 2358 302 2418 caetera
319 2341 477 2415 dixistis:
505 2342 580 2415 Vos
597 2336 719 2412 habita
737 2337 1029 2416 consideratione
1050 2342 1243 2448 diligente,

131 2447 205 2521 ‘ad
231 2464 403 2550 quantam
434 2442 551 2520 nnnc‘
564 2461 731 2547 respectu
764 2448 999 2548 antiquorum
1037 2464 1246 2553 temporum

160 2547 380 2656 paucitatem
402 2555 508 2626 simul
532 2578 574 2627 ac
601 2550 888 2626 imbecillitatem
908 2552 1056 2628 redacta
1077 2558 1122 2630 sit
1151 2555 1249 2630 chri·

159 2663 342 2753 stianitas,
375 2661 497 2735 multis
523 2661 594 2734 iam
621 2655 667 2731 ab
689 2661 788 2731 annis
809 2661 849 2732 in
875 2657 946 2734 hoc
967 2660 1174 2758 laborasse,
1202 2687 1248 2738 ae
1298 2735 1301 2743 .

160 2766 301 2841 diversa
319 2784 475 2869 propter
499 2764 570 2839 hoc
586 2765 890 2867 perambulavisse
912 2767 1012 2862 loca,
1026 2788 1081 2844 ‘ut
1100 2769 1248 2857 tandem

160 2872 372 2947 universalis
399 2875 493 2945 inter
524 2896 650 2944 omnes
670 2870 895 2946 Christianos
927 2875 1124 2948 concordia
1144 2902 1244 2950 eom·

87 3018 89 3025 ·
159 2976 363 3082 poneretur
383 2977 428 3052 ad
447 2976 544 3050 hunc
562 2977 732 3050 videlicet
747 2970 877 3069 finem,
906 3003 981 3079 quo
1000 2979 1144 3054 tandem
1162 2998 1246 3055 rne-

142 3087 227 3160 lius
248 3111 290 3158 ac
302 3080 495 3187 'potentius
512 3100 639 3157 contra
651 3084 817 3184 Paganos
835 3079 922 3155 fidei
939 3081 1102 3158 defensio
1121 3102 1245 3188 posset

157 3194 361 3292 procurari.
399 3189 441 3264 In
473 3216 517 3282 eo
544 3190 643 3291 regia
668 3188 837 3263 Maiestas
867 3187 989 3261 laudat
1020 3216 1167 3294 operam
1200 3218 1243 3268 ec

157 3297 320 3397 studium
347 3314 508 3371 vestrum
535 3312 572 3370 et
594 3296 712 3369 multo
735 3295 847 3398 magis
874 3293 1058 3389 laudaret,
1093 3287 1241 3402 quando

156 3401 300 3478 videret
327 3403 414 3480 istos
440 3420 514 3477 tam
541 3401 718 3478 notabiles
737 3396 908 3476 tractatus
924 3404 1088 3476 votivum
1107 3402 1242 3507 perdu-

157 3520 237 3584 ctos
267 3507 314 3582 ad
345 3510 524 3584 effectum.
571 3511 891 3584 commemorastis
924 3507 1115 3603 latiss1me,
1148 3527 1241 3585 tama

155 3642 266 3718 quam
286 3643 356 3717 pro
379 3618 534 3718 negocio
555 3615 770 3718 principali,
808 3614 965 3716 qualiter
985 3613 1240 3692 serenissimus

154 3721 266 3796 Dom.
292 3725 375 3796 'Rex
399 3720 592 3817 Bohemjae
620 3724 659 3796 in
683 3740 748 3795 sua
773 3737 811 3794 et
833 3719 1101 3822 quadammodo
1129 3725 1238 3798 etiam

155 3830 309 3902 Domini
329 3830 444 3902 nostri
463 3829 579 3931 regis,
609 3827 710 3902 velut
734 3824 855 3901 fratris
881 3843 917 3901 et
934 3825 1000 3902 filii
1022 3833 1077 3916 sui
1099 3830 1136 3902 ln
1153 3852 1238 3929 per*

155 3937 253 4010 sonis
265 3935 341 4009 Vos
357 3961 425 4035 pro
446 3932 655 4009 attentando
674 3931 881 4007 huiusmodi
904 3936 1052 4036 negotio
1074 3936 1122 4010 ad
1142 3924 1239 4010 chri*

151 4040 406 4137 'alienissimum
416 4038 578 4147 regem-F
578 4050 776 4116 raucorum
794 4042 1122 4121 transmisissetllt
1138 4036 1244 4151 quod
