2708 4568
148 270 225 339 aaa
260 228 273 386 ζ
387 308 388 315 a

149 484 237 561 mihi
255 483 526 589 gubernationis
543 481 698 586 pondus,
710 479 846 558 favoris
864 483 988 587 potius
1005 509 1096 576 esse,
1118 484 1229 588 quam

145 608 253 696 curae
274 589 562 696 congratulando
584 588 778 665 arbitratus
798 606 852 662 est
859 605 870 683 ;'
906 617 1125 692 quamquam
1152 618 1229 667 non

145 698 385 790 dubitaverit,
421 698 499 771 altis
521 698 611 770 meis
642 695 811 771 laborum
841 699 1015 790 cumulis,
1043 694 1115 772 hoe
1141 726 1227 771 mu-

145 831 233 881 nere
256 805 401 879 altiores
422 805 622 879 accessisse.
650 838 702 857 *-
728 802 924 905 Promptus
947 819 1066 877 autem
1088 807 1227 880 animus

105 926 107 936 '
146 928 219 1004 est,
238 926 276 984 et
298 911 464 984 voluntas
484 937 560 984 non
578 910 695 1010 impar
712 907 759 981 ad
779 908 1034 1010 exequendum
1056 936 1117 1003 ea,
1136 939 1228 1014 quae

144 1019 243 1093 Beat.
252 1005 294 1091 V.
318 1015 495 1091 hortatur.
515 1014 671 1089 Pulchra
691 1015 762 1087 ia'm
778 1015 923 1089 unionis
950 1030 986 1093 et
1005 1018 1229 1092 concordiae

147 1123 393 1217 fundamenta,
409 1121 509 1197 dono'
523 1122 685 1214 Domini,
702 1123 793 1193 iacta
810 1135 913 1217 sunt3
939 1136 1093 1196 restaret
1108 1128 1228 1227 super-⁴

150 1228 339 1304 aedificare
359 1255 506 1331 pacem,
533 1253 627 1327 quae
656 1226 731 1300 sola
756 1240 793 1299 et
818 1229 934 1328 prima
952 1229 1229 1335 virium'populi

148 1334 333 1439 christiani
358 1336 499 1408 auctrix
522 1330 935 1434 esse‘posset'adversus
957 1333 1156 1411 infidelium
1177 1340 1227 1410 in-

146 1444 263 1525 sultus
287 1437 555 1543 propellendos.
576 1476 631 1496 -
647 1440 742 1513 Mira
768 1454 868 1512 certe
889 1437 954 1515 'res
974 1457 1015 1514 etx
1031 1440 1154 1521 diuino
1176 1444 1227 1517 di·

146 1576 216 1652 gna
240 1570 411 1621 munere:
440 1542 574 1648 cedunt
602 1570 722 1637 arma,
746 1543 862 1647 longo
883 1549 1020 1621 nutrita
1041 1563 1226 1652 tempore,

146 1651 371 1728 silent'bella
396 1651 582 1744 intestina,
605 1648 819 1726 froenantur
846 1650 1009 1745 dissidia,
1029 1655 1229 1730 concordia

145 1755 369 1864 pedetentim
389 1755 596 1850 inducitur,
624 1757 700 1834 sola
720 1755 922 1865 forensium
947 1757 1065 1834 adhuc
1082 1763 1226 1835 insulta·

143 1882 270 1947 torum
296 1865 445 1940 saevitia
469 1866 585 1938 minas
612 1859 815 1967 exaggerat.
846 1865 923 1966 Ego
938 1890 1046 1959 vero,
1075 1870 1226 1962 etsipista

81 2011 84 2016 ·
146 1988 191 2048 eo
208 1970 320 2046 modo
337 1975 410 2047 iam
430 1987 527 2045 stare
544 1971 781 2072 conspiciam,
810 1971 927 2044 minus
945 1989 1064 2047 tamen
1083 1999 1227 2077 sperare

70 2103 76 2111 ·
145 2098 331 2182 poteram,
361 2094 435 2150 tam
453 2079 528 2151 cito
557 2075 714 2149 suturam
730 2078 966 2151 mutationem
988 2076 1078 2155 hanc
1103 2072 1227 2154 dexte·

144 2204 206 2260 ¹rae
223 2185 374 2277 excelsi,
402 2201 438 2258 et
458 2181 507 2256 ob
525 2180 596 2256 hoc
614 2185 722 2257 etiam
739 2184 1072 2283 importunitatibus
1087 2188 1225 2287 aliquo·

130 2302 228 2366 'rum
242 2291 436 2383 resistere,
457 2287 699 2362 accomodum
716 2287 872 2362 necdum
890 2286 1032 2392 putari,
1052 2310 1226 2397 exoptans
1282 2322 1286 2347 ³

122 2395 298 2489 'finaliter
317 2395 444 2470 favore
468 2394 867 2521 furoremvcollidere;“
916 2434 919 2456 ι

139 2610 141 2615 ’
220 2595 371 2693 Magna
395 2587 654 2665 moderationis
679 2593 814 2668 virtute
838 2619 943 2700 usum
960 2592 1088 2687 fuisse,
1115 2619 1225 2697 quam

145 2701 295 2800 adeptus
314 2697 454 2788 fuerat,
473 2713 654 2797 potentia,
674 2698 892 2800 gubernium
916 2718 1047 2804 sponte
1061 2719 1222 2793 exutum,

144 2835 186 2883 ac
205 2803 371 2878 laudibus
394 2819 503 2911 atque
524 2806 889 2898 remunerationibus,
911 2836 931 2879 a
950 2834 1035 2908 rege
1056 2806 1226 2883 Ladislao

144 2913 384 3002 cumulatum,
403 2927 684 3006 commonstrat3
714 2927 806 2987 teste
823 2913 1031 2989 Thuroozio
1047 2913 1074 2993 l.
1096 2940 1127 2987 c.
1147 2940 1224 3015 cap.

100 3060 103 3066 ·
143 3021 218 3095 LL:
264 3013 477 3109 „Reductus
507 3033 560 3089 est
586 3017 698 3119 igitur
726 3044 818 3120 puer
852 3022 1022 3124 princeps
1055 3037 1103 3094 et⁴
1119 3020 1226 3094 castri

143 3125 354 3200 Viennensis
369 3123 671 3197 ‘conversabatur
696 3127 732 3196 in
750 3126 893 3225 palatio.
933 3126 1057 3200 Multis
1071 3125 1120 3198 ad
1143 3152 1226 3199 eum

142 3229 375 3323 confluebant
391 3246 468 3301 tum
492 3227 643 3323 deruis,
674 3245 751 3302 tum
777 3230 821 3306 de
842 3232 967 3305 alienis
990 3234 1129 3332 regnis,
1159 3260 1224 3307 no·

142 3337 242 3411 biles.
265 3304 567 3410 ssconventum
592 3359 681 3438 ergo
707 3336 795 3429 fuit,
824 3354 865 3432 ut
892 3354 928 3412 et
946 3337 1130 3412 Dominus'
1149 3341 1223 3412 Gu-

22 3476 27 3489 ²
119 3439 334 3536 ‘bernator,
371 3442 547 3544 regnique
569 3442 718 3514 Domini
740 3460 777 3516 et
795 3444 982 3548 Magnates
1007 3447 1151 3538 cuncti,
1179 3443 1224 3518 ad

55 3644 57 3649 ,
141 3547 366 3624 exhibendos
387 3547 440 3620 illi
460 3545 661 3648 condignos
679 3545 856 3643 honores,
888 3549 1140 3653 fidelitatisque
1157 3550 1224 3627 bo·

45 3723 47 3729 .
139 3657 295 3759 magium
325 3653 581 3759 praestandum
602 3655 688 3755 illuc
711 3657 816 3728 irent.
847 3658 924 3730 Nec
943 3654 1096 3730 dilatum
1115 3659 1224 3731 exsti·

134 3767 204 3854 tit,
226 3763 329 3861 ¹quin
361 3762 477 3835 omnis
506 3760 738 3834 dominorum
756 3763 963 3866 Hungariae
989 3761 1223 3865 pulchritudo

75 3956 79 3963 ι
130 3871 175 3943 in
193 3870 433 3941 Viennensem
457 3868 638 3940 civitatem
657 3869 852 3941 convoluta
873 3885 937 3942 est.
966 3871 1013 3943 Et
1033 3871 1113 3971 lpsa
1128 3871 1224 3972 regis

19 4066 22 4071 .
135 3974 237 4046 curia
264 3971 472 4049 venerando
496 3971 731 4065 dominorum
752 3990 864 4050 coetu
883 3973 1045 4069 fervens,
1067 3973 1242 4052 dominis·
