2708 4568
1165 309 1240 378 lid

158 520 295 595 dimus·
315 508 414 611 'Quo
437 519 610 611 aceesut,
646 535 687 594 ut
714 532 752 592 et
772 516 929 592 diaetam
956 513 1055 593 lianc·
1068 521 1240 622 praeteri·

157 645 251 719 tam,
278 626 639 727 conventionemque
664 626 887 728 generalem,
925 625 964 698 in
985 651 1058 727 qua
1076 627 1132 699 rei
1152 650 1223 700 cor

159 733 271 808 clusio
299 733 416 836 magis
446 731 623 805 idoneum
650 730 775 805 locum
803 730 980 824 habebat,
1018 733 1101 806 satis
1124 741 1242 834 ample

158 836 326 943 protrahi
344 837 559 930 feceramus,
578 854 615 910 ct
632 834 683 910 ob
699 835 770 912 boc
785 837 980 912 adventum
1001 840 1114 942 prius,
1134 865 1243 941 quam

155 948 295 1021 litteras
311 947 389 1021 ttlt
408 944 635 1048 paternitatis
658 959 798 1017 vestrae
820 941 1033 1043 optabamus
1057 950 1244 1050 exciperc5

157 1054 251 1145 rati,
280 1077 363 1125 rem
379 1056 494 1152 ipsam
517 1048 749 1124 sollicitando
776 1048 905 1152 dirigi,
932 1049 1137 1125 differendo
1156 1079 1245 1128 vero

158 1158 354 1260 elanguere
379 1182 493 1258 posse.
530 1158 671 1230 Verum
699 1171 817 1229 tamen
839 1173 876 1231 et
895 1153 955 1228 has
971 1155 1128 1251 litteras,
1157 1183 1247 1260 quas

158 1267 308 1339 nuntius
335 1279 482 1356 noster,
513 1262 616 1335 tarde
651 1279 770 1335 tamen
797 1262 959 1356 rediens,
992 1259 1158 1336 hesterna
1188 1264 1248 1338 die

159 1369 268 1444 nobis
291 1368 431 1462 attulit,
450 1367 705 1472 gratulabundi
722 1367 898 1462 vidimus3
926 1365 1015 1441 dum
1031 1371 1248 1473 praesertim

160 1503 204 1552 ex
222 1478 275 1550 eis
294 1491 332 1549 et
348 1501 565 1578 prosperum
583 1473 740 1548 reditum
758 1476 840 1549 RR.
859 1476 1088 1580 paternitatis
1107 1493 1247 1550 vestrae

127 1597 131 1604 '
160 1611 178 1654 a
194 1580 382 1656 Bohemiav
395 1596 432 1655 et
450 1583 611 1655 vicinum
628 1581 705 1654 eius
727 1576 924 1673 aduentum
951 1579 998 1652 ad
1016 1606 1083 1654 nos
1100 1583 1249 1683 accepi·

160 1714 250 1775 mus.
289 1685 566 1790 congaudemus
596 1686 720 1788 itaqu‘e
741 1685 787 1760 de
811 1688 934 1761 reditu
954 1712 1157 1790 prospero,
1183 1687 1245 1761 ad·
1341 1708 1346 1720 ·

161 1809 307 1868 ventum
332 1810 454 1865 autem
480 1795 598 1894 ipsum
629 1792 810 1867 desiderio
837 1794 949 1896 pleno
972 1810 1244 1894 exspectamus,
1269 1840 1275 1851 ,

160 1901 273 2000 parati
299 1915 335 1972 et
354 1900 534 1999 suscipere
554 1917 596 1974 et
619 1899 741 1972 colere
764 1926 849 1972 cum
866 1895 1018 1971 honore.
1048 1900 1107 1972 De
1125 1917 1246 1974 orato-

161 2006 261 2079 ribus
281 2005 462 2107 siquidem
491 2003 536 2078 ad
555 2005 753 2078 Posonium
782 2002 990 2095 mittendis,
1026 2005 1140 2080 viaet
1163 2030 1247 2108 spes

162 2114 275 2184 omnis
308 2112 426 2183 ablata
455 2127 518 2185 est
557 2112 612 2184 Ita
632 2110 729 2182 enim
756 2110 793 2182 iu
820 2107 887 2182 hac
918 2106 1033 2180 diaeta
1053 2112 1249 2209 praeterita

162 2219 346 2292 communi
370 2220 533 2290 omnium
563 2216 828 2290 deliberatione
847 2211 1070 2289 concludere
1091 2215 1244 2315 plauuit,

161 2341 199 2396 ut
215 2349 275 2396 res
293 2324 369 2425 ipsa
390 2326 427 2395 iu
447 2325 794 2425 praeseutiavnostra
816 2323 1117 2423 caeterorumque
1142 2348 1247 2422 prae·

161 2428 320 2503 latorum
344 2444 382 2501 et
398 2429 597 2520 baronum,
626 2427 761 2502 adhoc
778 2455 862 2502 cum
881 2429 982 2512 omni
997 2427 1168 2502 mandatu
1185 2425 1248 2503 de·

160 2552 387 2636 putatorum,
423 2536 461 2608 in
488 2533 559 2611 hoc
586 2537 670 2609 loco
692 2551 887 2628 tractetur;
926 2527 1049 2609 multis
1070 2534 1271 2637 respecti-·.

159 2640 224 2714 bus
242 2645 282 2712 in
304 2638 375 2715 boc
397 2640 527 2714 habitis
554 2658 594 2723 et
620 2643 828 2742 potissime,
865 2643 964 2715 utin
989 2643 1068 2741 ipso
1095 2643 1245 2744 negotio
1284 2645 1290 2657 '
1334 2721 1339 2735 ι

159 2764 283 2849 aperte
301 2751 413 2850 magis
432 2764 468 2820 et
491 2748 566 2821 sine
584 2752 815 2822 cunctatione
834 2746 977 2822 ¹debitus
996 2748 1078 2822 finis
1094 2773 1250 2848 quaera-¹

159 2869 229 2927 tur.
259 2853 344 2926 Vim
360 2856 494 2928 etenim
510 2872 547 2927 et
563 2855 733 2926 iniuriam
748 2855 877 2954 passis,
902 2871 945 2927 et.
955 2854 1150 2955 ampliores
1168 2861 1247 2927 seri
1315 2876 1318 2881 ·

158 2985 307 3032 monum
338 2959 520 3052 latebrae,
550 2957 674 3032 dilatio
706 2964 944 3048 tractatuum,
986 2959 1147 3031 cautelae
1179 2985 1243 3034 ex·

159 3066 389 3166 captionum,
437 3090 529 3165 quae
560 3065 772 3168 praesertim
806 3088 851 3136 ex
883 3060 1017 3136 crebro
1051 3081 1241 3138 oratorum

159 3195 265 3244 cursu
283 3185 321 3243 et
345 3196 499 3245 recursu
520 3170 754 3273 multiplicari
773 3169 909 3259 solent,
939 3168 1124 3244 toediosae
1142 3186 1236 3243 sunt.

159 3277 260 3378 Opus
278 3292 331 3350 est
349 3276 476 3361 videre
495 3281 624 3382 magis,
642 3303 750 3379 quam
765 3270 931 3376 sperare,
957 3276 1015 3348 vel
1033 3276 1071 3346 in
1091 3276 1235 3346 iniuria·

156 3405 240 3456 rum
261 3382 318 3456 vel
337 3398 554 3456 tractatuum
570 3383 690 3456 finem.
711 3383 891 3484 Exsurget
909 3381 1019 3484 igitur
1036 3380 1116 3452 RR.
1136 3380 1173 3452 P.
1193 3379 1236 3454 V.

154 3502 193 3560 et
218 3504 424 3590 susceptum
461 3515 531 3592 pro
556 3515 645 3594 pace
682 3485 757 3562 bac
775 3486 940 3561 laborem
971 3484 1234 3587 aequanimiter

152 3592 249 3667 idem
275 3594 430 3687 arbiter,
467 3593 564 3670 idem
592 3599 677 3669 Dux
698 3609 743 3668 et
772 3594 922 3686 Comes,
949 3589 1049 3664 idem
1075 3588 1233 3694 denique

127 3698 247 3800 'lator
266 3701 343 3775 eius
368 3717 511 3801 optatae
541 3703 640 3804 pacis
658 3694 800 3775 futurus
826 3702 1040 3774 continuare
1059 3698 1157 3772 velit
1175 3735 1230 3754 -

108 3837 110 3844 ⁸
151 3805 280 3879 Parata
295 3809 455 3882 inveniet
470 3813 602 3901 omnia,
623 3806 862 3903 securitatem,
879 3801 1115 3895 conductum,
1134 3830 1232 3878 com·

151 3930 290 3985 meatus
317 3928 355 3986 et
376 3914 577 3990 animorum
603 3912 651 3988 ad
679 3936 808 4016 pacem
836 3911 966 4013 magis,
1005 3936 1115 4012 quam
1133 3936 1230 3983 arma
1290 3968 1293 3973 .

151 4015 333 4092 ardorem.
369 4019 520 4105 Proviso
530 4018 672 4124 (quod
690 4018 802 4122 partis
820 4016 915 4098 illius
933 4017 1054 4120 regiae
1072 4017 1121 4089 ita
1141 4013 1232 4090 deli-

206 4119 457 4224 Hunyadiaaa.
920 4130 924 4135 ’
1018 4127 1042 4196 8
