2708 4568
108 2322 168 2367 ὅ.

1180 280 1249 352 lli

176 512 264 575 num
283 483 330 562 ab
348 490 426 564 eius
446 487 714 565 turbationibus
732 484 928 567 detrudere
948 508 985 566 et
1001 492 1106 567 Dum.
1124 507 1264 570 nostro·

181 598 260 700 regi
277 594 442 671 ladislao
469 615 600 673 mutuo
620 597 756 672 auxilio
772 599 934 675 illaesum
962 624 1177 678 conservare
1195 625 1255 676 rs·

183 699 328 776 leamus.
365 703 554 778 Praeterea
581 704 665 807 quia
686 701 944 796 intelleximus,
973 703 1075 806 quod
1095 708 1171 808 ipse
1187 702 1257 782 Jo-

181 801 315 883 ltannes
332 808 465 882 Gislra
484 805 530 881 de
551 825 648 885 terra
664 807 893 911 Shepusionsi
918 836 960 884 ae
979 810 1025 885 de
1044 810 1260 913 quibusdam

181 912 389 989 civitatibus
415 915 588 990 auxilium
614 912 683 989 sibi
701 918 843 1019 qrsoerit
871 931 909 988 rt
931 935 1114 1024 aggregat,
1150 934 1192 994 ut
1214 942 1261 995 eo

176 1018 315 1095 fortius
337 1013 423 1096 huic¹
457 1046 572 1124 regno
598 1021 734 1123 praelia
762 1019 893 1095 inferre
916 1025 1052 1113 valeat,
1086 1026 1265 1126 petimus,

183 1120 362 1233 quantum
385 1151 598 1230 possumus,
622 1125 722 1230 quod
742 1128 789 1199 ita
810 1125 1034 1230 intereipere
1046 1131 1182 1221 velitis,
1205 1146 1263 1206 to·

183 1252 301 1335 toque
325 1230 446 1307 vestro
466 1257 575 1337 posse
599 1238 673 1307 vias
701 1250 737 1305 et
758 1231 889 1306 modos
912 1232 1050 1327 facere,
1087 1235 1189 1340 quod
1217 1232 1263 1310 d'e

184 1337 391 1419 civitatibus
407 1346 457 1412 ao'
475 1337 521 1413 de
540 1339 730 1441 ips-eterra
748 1335 1000 1441 Scepusiensi,
1026 1337 1097 1416 hoc
1116 1347 1277 1445 reguumx

184 1444 337 1544 Domini
365 1445 486 1519 nostri·
516 1447 612 1546 regis
637 1442 794 1537 in'dislai
819 1458 896 1518 ιιοιιΙ
924 1442 1192 1541 damnificetur,
1215 1440 1267 1521 'et

184 1549 283 1626 idem
306 1549 461 1649 loannes
480 1548 610 1625 Gisira
640 1549 687 1624 de
707 1546 841 1624 eisdem
867 1547 1088 1629 adiutorium
1111 1549 1266 1653 nonha-

185 1653 294 1746 beat,
324 1681 493 1760 supereo
522 1656 630 1731 etiam
650 1682 715 1730 vos
731 1656 936 1759 specialiter
958 1661 1199 1763 requirimus,
1226 1679 1265 1732 ut

186 1758 309 1839 sidem
325 1758 371 1833 de
391 1758 527 1835 eisdem
542 1758 918 1854 amoenitatibus,
947 1780 1046 1837 arma
1066 1765 1189 1841 etalio
1208 1788 1268 1841 ne·
1322 1767 1325 1775 ’

186 1868 341 1949 cessaria
365 1893 440 1940 non
466 1865 692 1960 vendantur,
723 1893 792 1940 nec
811 1892 964 1969 quoquo
984 1869 1097 1943 modo
1117 1869 1269 1945 admini-

185 1989 368 2056 strentur.
395 1970 460 2047 sed
476 1971 599 2047 taliter
616 1998 721 2076 agere
742 1969 876 2077 uelitis,
904 1972 1004 2075 quod
1025 1975 1122 2053 idem
1140 1979 1271 2052 sentiat

187 2079 289 2154 omni
318 2077 442 2153 favore
470 2104 513 2152 se
536 2103 612 2154 esse
637 2077 687 2172 *de
717 2075 853 2152 eisdem
874 2075 1080 2177 alienatum.
1117 2084 1209 2157 ltem
1237 2085 1268 2158 si

186 2176 575 2293 propterbrevitatem
592 2184 764 2286 temporis
783 2208 849 2257 vos
868 2180 1008 2285 inloco
1025 2181 1097 2260 lioc
1113 2213 1197 2261 cum
1214 2215 1271 2262 re·

188 2294 264 2367 stra
282 2293 444 2397 potentia
464 2293 655 2390 pervenire
676 2314 749 2363 non
768 2289 941 2391 possetis3
969 2307 1103 2367 extunc
1131 2294 1180 2366 ita
1206 2318 1270 2397 po·

187 2399 260 2474 rati
285 2420 361 2471 esse
391 2395 527 2488 velitis,
557 2412 598 2470 ut
624 2420 733 2496 quam
756 2396 914 2497 primum
933 2395 1023 2471 illue
1041 2424 1157 2504 prope
1184 2422 1270 2503 pro·

185 2507 292 2611 prius
308 2499 699 2607 appropinguabimus‚
726 2519 788 2575 aut
806 2497 912 2576 vobis
930 2501 1200 2598 intimabimus,
1227 2504 1271 2578 il·

188 2612 263 2685 lieo
278 2608 387 2684 nobis
404 2634 487 2683 cum
501 2624 618 2704 vestra
635 2610 799 2710 potentia
812 2607 851 2681 in
866 2604 1035 2711 eampum
1053 2636 1271 2687 succurrere
1330 2643 1334 2651 ·

186 2712 344 2791 valeatis.
371 2712 493 2818 Super
515 2706 717 2818 praemissis
729 2730 856 2819 ⁴'autem
871 2712 979 2789 nobis
997 2715 1166 2794 citissime
1184 2719 1270 2794 smi-

187 2819 342 2898 cubilem
365 2819 579 2895 relationem
605 2820 787 2895 intimetis.
822 2819 931 2894 Plura
955 2837 1077 2897 autem
1095 2823 1156 2899 Μιι
1183 2827 1270 2899 ’stro

186 2929 322 3005 loanni
343 2923 389 3002 de
408 2929 542 3017 Peren,
567 2927 741 3028 Magistro
760 2926 1052 3000 Tavernicorum
1071 2853 1266 3037 regalium,

188 3032 241 3116 de,
258 3034 461 3108 intentione
477 3047 603 3105 nostra
627 3028 765 3106 referre
793 3030 1046 3104 commisimus.
1081 3034 1193 3110 Cuius
1211 3058 1268 3109 re·

185 3139 323 3216 latibus
341 3137 452 3213 fidem
471 3136 590 3211 nostri
608 3131 928 3239 parte'adlribeatis
948 3135 1160 3215 creditivam
1181 3166 1264 3215 rum

185 3245 393 3349 eodemque
412 3246 450 3320 in
473 3267 590 3318 unum
618 3241 741 3318 locum
761 3256 887 3349 aptum
913 3243 1131 3340 convenire,
1160 3246 1263 3321 etde

183 3354 259 3431 suis
279 3348 456 3426 relatibus
473 3349 686 3424 relationem
704 3361 865 3456 optatam
876 3345 1043 3424 celeriter
1060 3345 1181 3427 faeere
1200 3375 1263 3425 co·

180 3474 272 3537 rate.
307 3448 444 3532 Datum
465 3455 505 3530 in
524 3450 718 3529 obsidione
750 3450 884 3529 rastelli
899 3449 1134 3561 Zenthlirily
1221 3480 1269 3561 po

179 3561 363 3749 pppidum
382 3561 553 3659 Losoncz
570 3559 610 3635 in
629 3558 726 3635 festo
746 3561 780 3635 li.
804 3560 995 3638 Laurentii.
1021 3556 1132 3637 Anno
1151 3477 1259 3645 giis.

222 3810 372 3897 assas
395 3806 578 3896 nassau
595 3810 655 3873 tu
674 3760 758 3871 roei
773 3809 863 3873 ron.
887 3798 936 3871 tn.
956 3829 988 3892 μ
1007 3805 1184 3894 ¹sss-sos.

239 4071 489 4175 lluuyadiane.
643 4075 648 4083 “
704 4117 708 4125 =
804 4063 808 4068 ’
1027 4074 1072 4143 11
