2708 4568
207 224 343 349 sit}

86 488 89 495 ·
121 555 124 564 ¹
209 491 285 573 que
308 468 439 556 invasit
462 464 508 543 de
534 491 635 543 novo
658 463 832 541 ducatum
856 467 1009 541 Rosciae
1039 465 1076 538 in
1098 491 1142 539 ea
1163 479 1298 569 parte,

205 597 306 677 ,quae
332 571 429 675 apud
443 571 599 675 Vulgum
613 566 832 673 Scithrycza
847 572 1075 667 nominatur3
1103 569 1167 643 ubi
1186 572 1300 644 solito

207 704 315 786 prore
331 677 488 783 praedae
507 704 550 777 ap
569 678 706 783 rupinis¹
730 703 881 772 vacans,
909 676 1065 762 demum
1079 677 1301 781 opportuni-

208 801 285 873 ¹tate
305 800 455 888 accepta
480 810 601 861 arcem
627 802 665 860 et
687 783 865 888 oppidum
888 782 1113 860 Novaborda
1137 782 1300 887 appella.-

211 906 290 981 ¹tum
305 889 497 971 obsidione
516 893 752 983 constrinxit,
781 890 919 994 oppido
935 894 1094 995 primum
1113 887 1218 967 facile
1238 914 1300 963 ca·

187 1012 297 1101 pto,
333 1015 462 1103 postea
476 1024 566 1089 ‚arce
581 1001 658 1100 ipsa
680 996 870 1071 insultibus
882 1015 924 1072 et
945 990 1136 1075 tormentis
1155 994 1299 1099 pulsata

207 1104 332 1207 paulo·
344 1103 480 1187 tardius
498 1105 639 1207 potitus
661 1119 726 1179 est.
756 1103 855 1179 Misit
870 1101 1003 1177 deinde
1017 1101 1064 1177 ad
1086 1097 1300 1205 oppugnan-

206 1208 275 1293 dus
297 1198 459 1309 caeteras
475 1236 592 1309 arces,
611 1204 787 1315 paratque
809 1220 929 1297 totum
946 1207 1238 1285 ducatumillum
1257 1209 1297 1282 in

130 1332 133 1339 ’
205 1314 437 1417 ,deditionem
465 1320 642 1420 accipere.
680 1308 857 1407 Quaeres
890 1315 1082 1421 profecto,
1102 1314 1179 1390 etsi
1197 1312 1297 1395 forte

207 1408 482 1499 relatione-tam
502 1423 606 1497 brevi
618 1448 727 1524 parva
744 1423 861 1499 videri
872 1424 999 1527 possit,
1021 1412 1161 1524 grande
1176 1436 1297 1505 tamen

35 1539 38 1548 '
92 1613 95 1617 ,
208 1552 337 1620 revera
350 1516 487 1613 ¹sulti-us
506 1554 553 1603 ex
572 1555 615 1619 ea
633 1512 865 1631 suscepimus.
886 1528 1024 1602 Haece
1045 1544 1082 1601 at
1102 1553 1169 1602 arx
1185 1518 1297 1627 'caput

204 1630 580 1737 illius-patriae„ltaecn
599 1649 697 1710 certe
712 1638 830 1738 patria
848 1635 972 1710 nutrix
990 1648 1028 1708 et
1043 1628 1161 1715 robur
1180 1647 1295 1705 status

204 1736 587 1837 *ducalis'inRascias
615 1742 700 1815 solo
729 1740 879 1835 fertilis,
911 1732 1098 1821 fructibus,
1118 1740 1293 1841 copioso,

208 1846 430 1943 minerarum
450 1850 529 1923 auri
552 1863 589 1922 et
606 1844 874 1951 argenti'quar'n
894 1842 1180 1922 maximel'erax.
1213 1842 1296 1917 No·

206 1967 313 2055 ¹perat
340 1948 457 2031 hostis
485 1938 563 2056 ipse
589 1957 827 2059 Praecipuum
854 1954 957 2029 illum
984 1944 1147 2043 durantis
1166 1946 1294 2025 defen·

201 2056 334 2153 sionis
348 2076 496 2134 nostrae
508 2085 694 2153 nervum,
722 2076 875 2137 noverat
894 2078 931 2134 et
946 2084 1032 2134 suae
1049 2056 1293 2163 impugnatio·

203 2164 266 2239 ,nis
290 2167 513 2240 contrarium
530 2165 693 2260 obicem,
721 2193 830 2269 quem
848 2165 976 2242 callide
1000 2166 1187 2271 cognitum
1201 2186 1295 2237 mox

203 2262 422 2372 praecidere
436 2270 483 2347 et¹
494 2290 633 2348 cassare
652 2274 872 2375 properavit.
895 2275 930 2348 Is
946 2274 1057 2377 igitur
1073 2296 1174 2363 pasus
1193 2270 1295 2373 prio·

209 2402 296 2467 rum
314 2380 461 2471 stimulo
485 2381 688 2481 appositus,
716 2376 807 2482 quid
826 2395 1047 2481 quantumve
1065 2405 1085 2451 a
1104 2374 1144 2453 S.
1163 2378 1293 2553 ἵδρο-

203 2500 313 2561 etore
343 2486 666 2567 commiserationis
700 2490 837 2586 exigat,
876 2484 993 2559 eidem
1031 2478 1211 2577 aestiman‘
1227 2507 1292 2558 um

210 2591 468 2690 relinquimus,
505 2616 598 2691 quae
618 2591 778 2692 religiosi
799 2606 836 2663 et
851 2592 993 2694 paterni
1022 2589 1143 2664 cordis
1160 2589 1217 2662 sui
1235 2591 1292 2662 iu·

212 2693 309 2768 dicio
326 2698 425 2795 prius
443 2694 541 2769 flecti
558 2696 681 2795 coepit
696 2696 895 2798 adpictatis
912 2698 1151 2788 commercia,
1162 2704 1167 2711 ’
1180 2701 1291 2798 quam

209 2806 343 2903 rogari.
389 2800 432 2875 ln
460 2800 532 2876 hoe
556 2799 730 2875 duntaxat
754 2830 843 2895 vero
870 2803 916 2882 B,
936 2804 980 2878 V.
1005 2803 1292 2891 sollicitudinem

204 2933 295 2981 :cum
320 2907 418 2982 filiali
450 2905 669 2984 confidentia
690 2907 945 3003 admonentes,
981 2926 1023 2982 ut
1048 2911 1085 2982 in
1108 2921 1289 3012 prosecu-

204 3013 239 3089 ,ti
254 3042 308 3089 ine
331 3018 406 3089 voti
430 3018 487 3089 sui
514 3013 689 3107 salutiferi
714 3018 1024 3121 opportunitatem
1040 3016 1205 3091 concessi
1226 3012 1288 3086 ad-

207 3117 280 3203 huc
299 3125 471 3223 temporis
494 3147 568 3193 non
585 3123 757 3224 negligat,
786 3147 877 3196 neve
894 3121 1064 3222 opinetur
1088 3120 1288 3197 fortificato

202 3227 312 3305 ,latius
332 3225 457 3327 hoste,
476 3227 628 3300 similem
648 3229 826 3328 praesenti
846 3225 1142 3301 commoditatem
1160 3252 1289 3305 exsur-

200 3334 315 3437 gendi
331 3333 544 3426 redituram,
558 3360 642 3404 nam
653 3336 746 3407 sicut
761 3348 870 3408 nemo
892 3351 952 3409 est.
963 3330 1058 3435 apud
1073 3358 1142 3407 nos
1161 3333 1290 3427 mod0,

153 3440 157 3457 “
200 3443 279 3542 qui
300 3443 485 3543 Europam
506 3437 630 3521 ¹adhuc
657 3436 803 3514 liberari
830 3465 936 3542 posse
958 3468 1032 3512 nun
1052 3438 1209 3533 iudicet,
1236 3443 1289 3514 ita

200 3563 290 3646 ¹post
307 3546 495 3647 paululum
513 3568 621 3617 nemo
641 3542 789 3620 saturus·
805 3563 878 3638 est,
907 3546 971 3649 qui
991 3541 1136 3620 iudicet
1167 3548 1290 3622 Nemo

197 3655 351 3732 inter-,tm
371 3652 474 3727 solita
502 3651 722 3744 constantia,
760 3671 935 3754 quantum
954 3651 1063 3727 nobis
1081 3652 1154 3727 erit
1166 3645 1291 3756 'possi-

198 3756 298 3849 hile,
326 3755 532 3859 parabimus
550 3757 643 3830 vires
664 3783 790 3833 omnes
814 3757 860 3833 ad
881 3759 1292 3847 conservationemno·

201 3881 331 3962 stram,
369 3861 682 3965 deliberamusque
704 3863 786 3941 Ser.
807 3865 851 3940 V.
869 3862 1046 3939 beneficia
1065 3869 1177 3940 etiam
1197 3892 1287 3943 oum

197 3967 376 4057 damma
395 3996 499 4055 mora
517 3984 642 4047 nostra
656 3966 882 4077 exspectare.
900 3968 1092 4069 Habemus
1104 3973 1205 4073 inter
1222 3969 1290 4050 has
