2708 4568
161 294 235 369 130

153 516 330 588 versarint
358 508 635 604 contemnebat,
665 513 829 611 quamvis
856 513 1027 592 militaris
1044 510 1236 614 disciplina

142 624 220 719 sit,
247 645 316 692 nec
334 621 474 691 'timere
501 615 621 690 hostes
644 620 818 708 nimium,
851 640 920 692 nec
943 620 1046 719 parvi
1072 620 1235 719 pendere

151 743 349 829 oportere,
379 741 420 797 ut
433 723 580 796 Comici
603 744 755 824 quoque
779 749 902 798 versus
922 725 1129 801 meminisse
1143 753 1235 801 con-

149 833 288 906 veniatz
317 849 377 902 ue·
394 827 486 930 quid
504 830 621 902 nimis.
656 831 738 905 Jam
765 855 915 932 campos
940 829 1113 906 tenebant
1128 832 1235 908 Moe·

148 940 234 1030 siae,
256 961 349 1036 quac
368 935 641 1036 nuncBuigaria
652 951 894 1036 nuncupatur.
912 937 1113 1038 Explorate
1130 955 1234 1012 erant

29 1099 34 1109 .
147 1044 272 1116 Tusco
289 1039 463 1115 Joh'annis
487 1041 662 1131 consilia,
686 1058 723 1113 et
749 1042 910 1143 quamvis
934 1045 1163 1147 superiorem
1189 1069 1231 1118 se

100 1206 104 1212 .
144 1164 286 1238 nosset,
313 1146 436 1248 sugam
458 1161 577 1229 tamen
598 1144 811 1238 simulabat,
837 1149 890 1220 sic
913 1149 1008 1220 enim
1028 1146 1149 1224 hostes
1171 1151 1230 1224 vel

146 1253 284 1329 insidiis
305 1257 510 1355 capiuntur,
530 1251 589 1323 vel
607 1251 895 1339 successionibus
906 1251 987 1327 dati
998 1255 1119 1329 minus
1141 1281 1229 1330 con-

1 1371 3 1376 '
33 1438 36 1443 ,
143 1358 374 1437 siderationis
392 1355 527 1432 habere
544 1356 673 1430 solent.
695 1359 811 1430 Aiunt
827 1362 941 1433 unum
958 1385 1003 1433 ex
1020 1360 1153 1461 Tuscis,
1166 1388 1228 1438 ex.

141 1467 368 1568 ploratorem
394 1479 561 1562 captum,
590 1466 671 1556 cui,
689 1464 824 1564 prioris
842 1463 1029 1568 Scipionis
1047 1468 1226 1568 exemp10,

140 1572 336 1649 monstrari
361 1568 498 1671 singula
517 1570 674 1640 ioannes
699 1571 800 1643 iussit
821 1585 857 1642 et
876 1567 1226 1676 hominemsimpune

127 1674 350 1776 dimissum,
379 1676 519 1749 reterre
539 1675 683 1767 Turoo,
702 1701 796 1776 quae
819 1674 975 1751 vidisset.
993 1679 1142 1755 Terruit
1160 1677 1228 1752 lio·

139 1799 212 1856 stes
230 1784 251 1852 J
254 1783 379 1854 oannis
400 1779 557 1871 factum,
578 1779 730 1852 remisso
748 1797 870 1854 tamen
889 1779 1037 1859 homine
1053 1787 1226 1859 nunciant

138 1888 270 1980 Tur-ci,
300 1885 387 1959 belli
407 1912 446 1958 se
471 1887 611 1987 copiam
631 1884 813 1979 facturos,
836 1888 1065 1991 incensisque
1079 1891 1227 1984 ,interim

137 1992 301 2094 undique
321 1994 421 2065 circa
450 1989 709 2092 semapalibus
737 1992 890 2095 amplius
912 1993 1076 2098 Fugiunt,
1103 1995 1226 2071 locum
1253 2031 1255 2036 ’

135 2098 289 2174 fortasse
325 2097 884 2200 oportunioremrquaerebant,
929 2119 970 2175 ut
1001 2100 1225 2178 adversarios

136 2214 237 2280 tanto
256 2204 538 2278 inconsultiores
560 2202 776 2303 redderent,
801 2221 938 2307 quanto
962 2211 1167 2284 securiores
1185 2235 1224 2286 se

54 2398 57 2405 ¹
134 2312 347 2387 iudicarent.
388 2309 598 2409 Insequitur
625 2311 816 2404 Joannes,
844 2336 1021 2415 cumque,
1036 2317 1223 2415 proximus

59 2509 60 2514 Ἰ
135 2435 245 2511 esset,
268 2442 336 2490 nec
357 2441 467 2517 posse
490 2416 639 2490 ulterius
655 2417 837 2517 praelium
860 2415 1053 2494 detrectari
1077 2421 1221 2496 videre·

35 2514 41 2531 ’
135 2540 217 2615 tur,
254 2539 416 2596 oratores
440 2536 526 2594 octo
552 2547 597 2593 ex
624 2521 849 2624 primoribus
874 2525 1080 2599 Tuscorum
1113 2527 1223 2601 adve-

74 2694 85 2707 ,
133 2644 286 2718 nerunt,
321 2628 383 2726 qui
406 2624 551 2697 humani
586 2629 767 2728 sanguinis
793 2628 1005 2709 effusionem
1025 2630 1219 2727 detestati,

133 2760 261 2839 pacem
283 2748 497 2835 perpetuam
518 2749 555 2802 et
578 2733 757 2834 impensas
775 2731 882 2828 belli,
904 2738 1057 2838 aurique
1072 2745 1221 2812 centuni

134 2840 246 2913 millia
271 2838 509 2939 promittunt,
548 2838 600 2910 sic
628 2865 687 2912 me
720 2857 910 2940 praesente
939 2845 1047 2944 regio
1071 2845 1222 2919 culmini

132 2946 256 3019 iunior
276 2942 565 3046 szitagiusqcom.
587 2946 759 3037 asseruit,
779 2947 838 3017 cui
857 2971 903 3019 ex
921 2972 1054 3029 socero
1068 2951 1220 3028 Resciae

30 3044 36 3058 ’
131 3050 293 3154 Despota
313 3049 457 3135 illarum
474 3050 632 3151 partium
658 3050 836 3125 novitates
856 3050 964 3128 facile
981 3058 1219 3157 perscribun-

133 3152 213 3251 ἕως
240 3157 357 3229 licet
382 3181 556 3248 errare,
585 3155 694 3228 falti
718 3172 861 3257 atque
881 3163 1085 3254 mentiri,
1106 3167 1219 3239 etium

130 3264 315 3370 principes
342 3277 485 3364 queant.
525 3263 682 3351 ioannes
711 3287 799 3336 vero
830 3265 1058 3351 successibus
1083 3271 1218 3364 elatus,

131 3368 239 3444 ‘vendi
256 3392 384 3471 pacem
396 3369 574 3470 'sanguine
594 3366 742 3471 melius,
764 3394 874 3471 quam
892 3396 983 3444 auro
1001 3391 1131 3474 putans
1147 3379 1220 3449 sin·

129 3475 212 3576 gula
238 3475 443 3549 contemsit.
480 3468 592 3560 Quod
615 3488 812 3574 postquam
827 3468 950 3552 Tusco
974 3479 1125 3553 relatum
1143 3499 1218 3556 est:

129 3580 275 3674 Testor,
296 3582 426 3681 inqut,
445 3601 610 3679 superos,
628 3605 790 3681 pugnam
806 3581 1047 3678 invitusineo‚
1065 3613 1135 3661 nec
1150 3585 1218 3662 hu·

128 3710 276 3761 manum
293 3687 378 3760 sitio
402 3685 630 3785 sanguinem
657 3710 784 3781 venam
804 3696 942 3788 quanto
959 3714 1027 3763 nos
1047 3694 1218 3796 gessimus

128 3790 319 3883 humilius,
354 3805 455 3864 tanto
476 3787 695 3890 nobishors
720 3790 903 3891 beliorum
923 3793 1072 3871 fortuna
1090 3825 1217 3874 secun·

129 3894 213 3972 dior
236 3899 326 3989 erit,
365 3893 604 3997 hortatusque
631 3921 717 3972 suos
742 3922 814 4003 pro
841 3902 982 4004 patrio,
1020 3902 1144 3980 liberis
1173 3929 1217 3983 ac

54 4011 65 4069 ’,
129 4002 368 4107 coniugibus,
385 4000 475 4077 sorti
494 4004 617 4081 auimo
631 4002 970 4104 praehendam-,hoc
988 4005 1089 4086 betto
1107 4011 1217 4087 finem
