2708 4568
137 260 220 345 2ἳῖ-

133 466 213 571 ipse
243 487 396 566 quoqne¹
414 461 558 537 adversi
582 463 763 565 exercitas
783 463 889 556 Dua,
919 462 984 565 qni
1007 457 1233 569 Meaythbeg

133 569 449 663 vocabatur,'una
467 596 551 643 cum
567 566 644 642 filio
663 596 753 664 suo,
771 570 1061 671 vicecapitaneo„
1085 570 1231 655 occisus

134 677 294 775 refusam
325 675 496 778 praedam
524 676 681 778 proprio
713 693 752 749 et
779 674 845 749 filii
869 700 954 750 casu
983 668 1228 777 suppleverit,

135 787 209 860 suis
230 784 399 881 ominbus
420 772 664 884 complicibus
682 783 745 870 ¹vel
759 781 865 875 fusis,
884 783 942 857 vel
959 776 1072 885 captis
1092 798 1231 883 etpau·

124 892 292 969 'cissimis
318 889 402 990 fuga
428 889 588 985 salcetis,
621 913 667 963 ex
695 914 771 990 quo
799 914 912 990 opere
942 886 1027 961 huic
1050 914 1166 993 regno
1187 913 1231 962 ea

135 998 289 1071 accessit
310 998 465 1088 utilitas,
493 1011 534 1068 ut
555 995 716 1098 partium
734 995 1054 1097 Transalpinarum
1072 992 1111 1070 et
1128 992 1231 1069 Mol-

137 1101 262 1179 daviae
275 1100 474 1195 Vaivodae,
496 1103 563 1203 qui
577 1099 695 1175 adhuc
716 1104 995 1205 progenitorum
1014 1114 1231 1199 nostrornm

136 1210 364 1310 temporibus
394 1234 517 1309 sacrae
545 1205 649 1283 huius
676 1209 779 1310 regni
806 1210 966 1289 coronae
994 1205 1231 1301 rebellando,

135 1317 293 1411 Teucris
310 1315 617 1409 sesubiecerant,
644 1316 758 1417 ipsius
769 1310 923 1399 'Joannis
935 1312 1122 1389 Vaivodae
1141 1341 1230 1389 cum

138 1423 291 1509 consilio
310 1419 468 1514 inducti,
506 1436 585 1494 tum
614 1438 714 1496 metu
741 1422 926 1515 concussi,
962 1446 1112 1496 rursum
1139 1417 1230 1509 huic

136 1554 275 1630 regno,
302 1555 387 1613 cum
411 1544 489 1600 tota
509 1553 573 1602 sua
601 1545 756 1616 terrase
782 1530 1042 1621 restituerunt,
1075 1527 1230 1630 pristina

136 1631 323 1719 fidelitatis¹
347 1633 527 1735 obsequia
552 1633 662 1711 nobis
685 1659 800 1737 usque
828 1636 869 1714 in
886 1631 983 1710 diem
1007 1632 1100 1709 hanc
1118 1630 1229 1723 exhi-

135 1739 232 1819 here·
246 1739 420 1844 obligati“
439 1741 463 1814 l.
481 1766 511 1816 c.

233 1943 415 2036 Alteram,
443 1940 492 2025 ad
518 1959 665 2048 portam
688 1940 847 2018 ferream
864 1939 1018 2035 dictam,
1041 1939 1227 2045 depugna·

134 2051 189 2153 vit
208 2047 305 2153 idem
322 2051 493 2143 Joannes‚
516 2067 606 2135 teste
623 2048 919 2151 Chalcocondyla
939 2049 979 2145 (Ι.
1002 2076 1033 2123 c.
1050 2077 1085 2152 p.
1110 2047 1229 2144 712),

136 2157 246 2251 „Rex
271 2153 492 2239 Amurathus
514 2158 710 2247 maximam
734 2183 810 2245 esse
832 2157 1089 2245 calamitatem,
1120 2154 1228 2229 duxit

135 2250 494 2367 mortem'Mezetis,
525 2261 681 2349 Patebat
709 2265 818 2366 igitur
843 2264 921 2369 ipse
950 2259 1226 2364 expeditionem

134 2362 320 2473 suscipere
340 2386 489 2447 ,contra
511 2365 771 2461 Pannodacos3
806 2371 994 2471 missisque
1022 2394 1091 2479 per
1117 2394 1224 2455 sunm

134 2500 289 2583 regnum
304 2470 569 2583 praeconibus,
597 2472 785 2570 edicebat,
812 2492 854 2553 ut
871 2499 992 2583 primo
1012 2500 1098 2559 vere
1124 2472 1224 2557 ades-

133 2597 216 2661 sent
233 2608 367 2669 omnes.
395 2581 527 2654 Postea
544 2596 680 2663 mutata
700 2582 887 2655 voluntate
905 2578 1223 2674 Sabatinofficha-

134 2678 206 2775 cho
235 2687 416 2778 Ahedini,
453 2688 554 2769 iuxta
583 2685 783 2789 scriptores
814 2684 994 2782 turcicos)
1027 2683 1219 2780 eunucho,

133 2795 215 2871 viro
238 2797 292 2869 rei
315 2793 477 2891 militaris
499 2792 739 2897 peritissimo,
765 2792 853 2866 belli
872 2795 974 2875 istius
999 2818 1120 2873 curam
1139 2818 1222 2867 om·

132 2927 220 3005 nem
247 2892 452 2993 mandavit,
492 2924 607 3002 quum
634 2896 821 2981 eunuchus
844 2899 886 2975 id
901 2900 1094 2974 consilium
1116 2899 1222 3005 opti·

130 3033 241 3115 nram,
255 3007 528 3085 ettutissimum
548 2998 629 3093 fore
650 3008 824 3090 censeret
850 3008 964 3087 Jussit
983 3007 1108 3108 itaque
1125 3000 1221 3099 rex,

9 3142 12 3147 ’
99 3164 105 3173 -
183 3113 337 3219 nprius
360 3110 462 3215 bello
485 3110 693 3209 desisteret,
730 3141 839 3214 quam
863 3112 1053 3186 devicisset
1075 3100 1220 3187 Panno-

132 3139 256 3313 ddcos.
285 3220 356 3292 Hic
376 3218 488 3323 igitur
507 3219 688 3319 accipiens
716 3221 810 3321 regis
830 3220 1030 3295 exercitum
1056 3236 1094 3313 et
1113 3244 1220 3322 pere·

132 3328 324 3435 griponem
341 3324 387 3399 de
404 3326 518 3408 ianuis
533 3324 643 3426 regiis
659 3324 784 3428 (vulgo
804 3324 1093 3421 Janicsarorum)
1117 3327 1221 3429 quasi

132 3426 290 3535 quatuor
308 3430 440 3523 millia,
472 3432 606 3511 Istrum
626 3431 790 3506 transivit
819 3448 857 3506 et
882 3434 1005 3536 copias
1030 3455 1155 3509 omnes
1178 3432 1218 3503 in

132 3528 277 3627 Ardelii
295 3538 481 3643 regionem
499 3535 655 3611 induxit.
676 3535 819 3613 Dehinc
836 3537 977 3641 aliquot
991 3537 1121 3613 diebus
1146 3540 1217 3612 iter

129 3634 220 3747 facit
248 3671 316 3749 per
329 3643 537 3727 Pannoniae
565 3644 762 3745 regionem.
800 3646 934 3751 Jangus
951 3642 1139 3738 (Joannes)
1155 3671 1218 3721 au·

130 3770 207 3841 tem
232 3751 425 3841 choniates
456 3748 696 3850 (Hunyades),
718 3752 777 3826 vir
812 3778 856 3825 ea
879 3766 1093 3854 tempestate
1121 3750 1217 3829 inter

130 3862 319 3949 Pannones
339 3857 532 3961 excellens,
553 3857 613 3931 cui
623 3856 767 3932 Ardelii
788 3861 890 3965 regio
915 3860 1105 3937 commissa
1124 3877 1215 3949 erat,

131 3967 180 4041 ab
201 3964 415 4075 Bannonum
451 3963 630 4065 concilio,
664 3966 889 4058 exercitum,
929 3992 1038 4067 qnam
1072 3964 1248 4069 potnit,-
