<?xml version="1.0" encoding="UTF-8"?>
<!DOCTYPE html PUBLIC "-//W3C//DTD XHTML 1.0 Transitional//EN"
    "http://www.w3.org/TR/xhtml1/DTD/xhtml1-transitional.dtd">
<html xmlns="http://www.w3.org/1999/xhtml" xml:lang="en" lang="en">
 <head>
  <title>
</title>
<meta http-equiv="Content-Type" content="text/html;charset=utf-8" />
  <meta name='ocr-system' content='tesseract 3.04.00' />
  <meta name='ocr-capabilities' content='ocr_page ocr_carea ocr_par ocr_line ocrx_word'/>
</head>
<body>
  <div class='ocr_page' id='page_1' title='image "./genusincunabula00fejgoog_0040.png"; bbox 0 0 2708 4568; ppageno 0'>
   <div class='ocr_carea' id='block_1_1' title="bbox 1167 347 1220 419">
    <p class='ocr_par' dir='ltr' id='par_1_1' title="bbox 1167 347 1220 419">
     <span class='ocr_line' id='line_1_1' title="bbox 1167 347 1220 419; baseline -0.057 0"><span class='ocrx_word' id='word_1_1' title='bbox 1167 347 1220 419; x_wconf 74' lang='lat' dir='ltr'>st</span> 
     </span>
    </p>
   </div>
   <div class='ocr_carea' id='block_1_2' title="bbox 103 555 1329 3422">
    <p class='ocr_par' dir='ltr' id='par_1_2' title="bbox 103 555 1329 3422">
     <span class='ocr_line' id='line_1_2' title="bbox 135 555 1220 665; baseline -0.002 -31"><span class='ocrx_word' id='word_1_2' title='bbox 135 561 375 637; x_wconf 84' lang='lat' dir='ltr'>commissum</span> <span class='ocrx_word' id='word_1_3' title='bbox 392 578 466 639; x_wconf 87' lang='lat' dir='ltr'>tam</span> <span class='ocrx_word' id='word_1_4' title='bbox 479 562 660 665; x_wconf 87' lang='lat' dir='ltr'>sapienter</span> <span class='ocrx_word' id='word_1_5' title='bbox 671 585 783 662; x_wconf 78' lang='lat' dir='ltr'>qnam</span> <span class='ocrx_word' id='word_1_6' title='bbox 798 555 957 635; x_wconf 74' lang='lat' dir='ltr'>feliciter</span> <span class='ocrx_word' id='word_1_7' title='bbox 968 555 1220 653; x_wconf 84' lang='lat' dir='ltr'>confecerunt,</span> 
     </span>
     <span class='ocr_line' id='line_1_3' title="bbox 136 665 1224 771; baseline -0.004 -29"><span class='ocrx_word' id='word_1_8' title='bbox 136 683 171 742; x_wconf 92' lang='lat' dir='ltr'>et</span> <span class='ocrx_word' id='word_1_9' title='bbox 182 671 503 771; x_wconf 85' lang='lat' dir='ltr'>praenominatum</span> <span class='ocrx_word' id='word_1_10' title='bbox 528 668 817 742; x_wconf 87' lang='lat' dir='ltr'>strenuissimum</span> <span class='ocrx_word' id='word_1_11' title='bbox 834 668 1041 768; x_wconf 85' lang='lat' dir='ltr'>Principem</span> <span class='ocrx_word' id='word_1_12' title='bbox 1068 667 1115 739; x_wconf 89' lang='lat' dir='ltr'>D.</span> <span class='ocrx_word' id='word_1_13' title='bbox 1133 665 1224 741; x_wconf 78' lang='lat' dir='ltr'>vta·</span> 
     </span>
     <span class='ocr_line' id='line_1_4' title="bbox 136 772 1220 876; baseline -0.003 -28"><span class='ocrx_word' id='word_1_14' title='bbox 136 772 287 849; x_wconf 82' lang='lat' dir='ltr'>dislaum</span> <span class='ocrx_word' id='word_1_15' title='bbox 305 777 345 850; x_wconf 92' lang='lat' dir='ltr'>in</span> <span class='ocrx_word' id='word_1_16' title='bbox 364 772 556 849; x_wconf 87' lang='lat' dir='ltr'>dominum</span> <span class='ocrx_word' id='word_1_17' title='bbox 576 791 613 847; x_wconf 88' lang='lat' dir='ltr'>et</span> <span class='ocrx_word' id='word_1_18' title='bbox 625 798 750 876; x_wconf 81' lang='lat' dir='ltr'>regem</span> <span class='ocrx_word' id='word_1_19' title='bbox 764 775 866 876; x_wconf 77' lang='lat' dir='ltr'>regni</span> <span class='ocrx_word' id='word_1_20' title='bbox 875 773 1082 875; x_wconf 83' lang='lat' dir='ltr'>Hungariae</span> <span class='ocrx_word' id='word_1_21' title='bbox 1100 788 1220 850; x_wconf 82' lang='lat' dir='ltr'>etno·</span> 
     </span>
     <span class='ocr_line' id='line_1_5' title="bbox 133 879 1226 982; baseline -0.001 -27"><span class='ocrx_word' id='word_1_22' title='bbox 133 894 272 972; x_wconf 84' lang='lat' dir='ltr'>strum,</span> <span class='ocrx_word' id='word_1_23' title='bbox 309 882 503 982; x_wconf 88' lang='lat' dir='ltr'>praemissa</span> <span class='ocrx_word' id='word_1_24' title='bbox 529 881 745 954; x_wconf 85' lang='lat' dir='ltr'>auctoritate</span> <span class='ocrx_word' id='word_1_25' title='bbox 778 896 814 952; x_wconf 91' lang='lat' dir='ltr'>et</span> <span class='ocrx_word' id='word_1_26' title='bbox 839 879 1030 972; x_wconf 86' lang='lat' dir='ltr'>mandato,</span> <span class='ocrx_word' id='word_1_27' title='bbox 1071 879 1226 954; x_wconf 77' lang='lat' dir='ltr'>nomino</span> 
     </span>
     <span class='ocr_line' id='line_1_6' title="bbox 134 985 1221 1090; baseline -0.002 -30"><span class='ocrx_word' id='word_1_28' title='bbox 134 988 239 1090; x_wconf 74' lang='lat' dir='ltr'>regni</span> <span class='ocrx_word' id='word_1_29' title='bbox 265 986 429 1060; x_wconf 85' lang='lat' dir='ltr'>eiusdem</span> <span class='ocrx_word' id='word_1_30' title='bbox 454 989 735 1062; x_wconf 87' lang='lat' dir='ltr'>nominaverunt</span> <span class='ocrx_word' id='word_1_31' title='bbox 761 1003 797 1060; x_wconf 91' lang='lat' dir='ltr'>et</span> <span class='ocrx_word' id='word_1_32' title='bbox 817 985 1007 1088; x_wconf 83' lang='lat' dir='ltr'>legerunt,</span> <span class='ocrx_word' id='word_1_33' title='bbox 1043 986 1221 1089; x_wconf 71' lang='lat' dir='ltr'>expressis</span> 
     </span>
     <span class='ocr_line' id='line_1_7' title="bbox 134 1090 1222 1193; baseline 0 -28"><span class='ocrx_word' id='word_1_34' title='bbox 134 1108 172 1165; x_wconf 86' lang='lat' dir='ltr'>et</span> <span class='ocrx_word' id='word_1_35' title='bbox 202 1095 404 1173; x_wconf 85' lang='lat' dir='ltr'>numeratis</span> <span class='ocrx_word' id='word_1_36' title='bbox 430 1094 467 1166; x_wconf 93' lang='lat' dir='ltr'>in</span> <span class='ocrx_word' id='word_1_37' title='bbox 496 1095 578 1193; x_wconf 30' lang='lat' dir='ltr'>ipsa,</span> <span class='ocrx_word' id='word_1_38' title='bbox 596 1092 780 1167; x_wconf 80' lang='lat' dir='ltr'>electione</span> <span class='ocrx_word' id='word_1_39' title='bbox 802 1091 984 1171; x_wconf 76' lang='lat' dir='ltr'>,omnibus</span> <span class='ocrx_word' id='word_1_40' title='bbox 1007 1107 1045 1165; x_wconf 88' lang='lat' dir='ltr'>et</span> <span class='ocrx_word' id='word_1_41' title='bbox 1071 1090 1222 1192; x_wconf 80' lang='lat' dir='ltr'>siugulis</span> 
     </span>
     <span class='ocr_line' id='line_1_8' title="bbox 135 1195 1221 1300; baseline -0.002 -28"><span class='ocrx_word' id='word_1_42' title='bbox 135 1196 413 1275; x_wconf 85' lang='lat' dir='ltr'>conditionibus</span> <span class='ocrx_word' id='word_1_43' title='bbox 430 1215 467 1271; x_wconf 91' lang='lat' dir='ltr'>et</span> <span class='ocrx_word' id='word_1_44' title='bbox 488 1198 618 1292; x_wconf 89' lang='lat' dir='ltr'>modis,</span> <span class='ocrx_word' id='word_1_45' title='bbox 644 1199 708 1300; x_wconf 89' lang='lat' dir='ltr'>qui</span> <span class='ocrx_word' id='word_1_46' title='bbox 730 1199 833 1271; x_wconf 84' lang='lat' dir='ltr'>iuxta</span> <span class='ocrx_word' id='word_1_47' title='bbox 854 1196 1023 1271; x_wconf 77' lang='lat' dir='ltr'>traditam</span> <span class='ocrx_word' id='word_1_48' title='bbox 1042 1199 1130 1299; x_wconf 89' lang='lat' dir='ltr'>ipsis</span> <span class='ocrx_word' id='word_1_49' title='bbox 1144 1195 1221 1271; x_wconf 86' lang='lat' dir='ltr'>for·</span> 
     </span>
     <span class='ocr_line' id='line_1_9' title="bbox 133 1303 1221 1407; baseline -0.003 -28"><span class='ocrx_word' id='word_1_50' title='bbox 133 1332 233 1379; x_wconf 89' lang='lat' dir='ltr'>mam</span> <span class='ocrx_word' id='word_1_51' title='bbox 252 1306 408 1405; x_wconf 72' lang='lat' dir='ltr'>exprimi</span> <span class='ocrx_word' id='word_1_52' title='bbox 426 1303 634 1379; x_wconf 89' lang='lat' dir='ltr'>debuerunt</span> <span class='ocrx_word' id='word_1_53' title='bbox 644 1360 656 1397; x_wconf 93' lang='lat'>,</span> <span class='ocrx_word' id='word_1_54' title='bbox 679 1319 717 1378; x_wconf 88' lang='lat' dir='ltr'>et</span> <span class='ocrx_word' id='word_1_55' title='bbox 732 1305 916 1407; x_wconf 82' lang='lat' dir='ltr'>signanter</span> <span class='ocrx_word' id='word_1_56' title='bbox 932 1303 1015 1395; x_wconf 90' lang='lat' dir='ltr'>illis,</span> <span class='ocrx_word' id='word_1_57' title='bbox 1039 1329 1109 1405; x_wconf 84' lang='lat' dir='ltr'>per</span> <span class='ocrx_word' id='word_1_58' title='bbox 1127 1327 1221 1405; x_wconf 86' lang='lat' dir='ltr'>quos</span> 
     </span>
     <span class='ocr_line' id='line_1_10' title="bbox 134 1410 1300 1515; baseline -0.003 -29"><span class='ocrx_word' id='word_1_59' title='bbox 134 1411 397 1486; x_wconf 89' lang='lat' dir='ltr'>secundum</span> <span class='ocrx_word' id='word_1_60' title='bbox 441 1410 752 1486; x_wconf 72' lang='lat' dir='ltr'>uoluntatem</span> <span class='ocrx_word' id='word_1_61' title='bbox 795 1412 992 1514; x_wconf 81' lang='lat' dir='ltr'>reginae</span> <span class='ocrx_word' id='word_1_62' title='bbox 1038 1427 1226 1513; x_wconf 84' lang='lat' dir='ltr'>praeta·</span> <span class='ocrx_word' id='word_1_63' title='bbox 1298 1507 1300 1515; x_wconf 28' lang='grc' dir='ltr'>Ι</span> 
     </span>
     <span class='ocr_line' id='line_1_11' title="bbox 136 1515 1223 1619; baseline -0.002 -29"><span class='ocrx_word' id='word_1_64' title='bbox 136 1533 260 1591; x_wconf 84' lang='lat' dir='ltr'>ctam</span> <span class='ocrx_word' id='word_1_65' title='bbox 285 1535 322 1593; x_wconf 86' lang='lat' dir='ltr'>st</span> <span class='ocrx_word' id='word_1_66' title='bbox 338 1532 504 1605; x_wconf 81' lang='lat' dir='ltr'>nostram</span> <span class='ocrx_word' id='word_1_67' title='bbox 520 1515 824 1592; x_wconf 86' lang='lat' dir='ltr'>collaudationem</span> <span class='ocrx_word' id='word_1_68' title='bbox 846 1534 883 1591; x_wconf 85' lang='lat' dir='ltr'>et</span> <span class='ocrx_word' id='word_1_69' title='bbox 903 1541 1131 1608; x_wconf 87' lang='lat' dir='ltr'>consensum,</span> <span class='ocrx_word' id='word_1_70' title='bbox 1152 1517 1223 1619; x_wconf 90' lang='lat' dir='ltr'>ipsi</span> 
     </span>
     <span class='ocr_line' id='line_1_12' title="bbox 134 1610 1222 1725; baseline 0.002 -30"><span class='ocrx_word' id='word_1_71' title='bbox 134 1625 284 1724; x_wconf 78' lang='lat' dir='ltr'>reginae</span> <span class='ocrx_word' id='word_1_72' title='bbox 308 1639 347 1699; x_wconf 87' lang='lat' dir='ltr'>et</span> <span class='ocrx_word' id='word_1_73' title='bbox 365 1622 484 1725; x_wconf 79' lang='lat' dir='ltr'>proli,</span> <span class='ocrx_word' id='word_1_74' title='bbox 521 1620 631 1724; x_wconf 82' lang='lat' dir='ltr'>quam</span> <span class='ocrx_word' id='word_1_75' title='bbox 655 1610 746 1699; x_wconf 72' lang='lat' dir='ltr'>ime</span> <span class='ocrx_word' id='word_1_76' title='bbox 764 1624 931 1705; x_wconf 80' lang='lat' dir='ltr'>inutero</span> <span class='ocrx_word' id='word_1_77' title='bbox 956 1622 1139 1725; x_wconf 73' lang='lat' dir='ltr'>gestabat,</span> <span class='ocrx_word' id='word_1_78' title='bbox 1176 1647 1222 1697; x_wconf 81' lang='lat' dir='ltr'>aa</span> 
     </span>
     <span class='ocr_line' id='line_1_13' title="bbox 135 1727 1226 1830; baseline -0.002 -27"><span class='ocrx_word' id='word_1_79' title='bbox 135 1755 179 1803; x_wconf 88' lang='lat' dir='ltr'>ea</span> <span class='ocrx_word' id='word_1_80' title='bbox 199 1729 276 1802; x_wconf 83' lang='lat' dir='ltr'>sive</span> <span class='ocrx_word' id='word_1_81' title='bbox 300 1729 338 1803; x_wconf 92' lang='lat' dir='ltr'>in</span> <span class='ocrx_word' id='word_1_82' title='bbox 356 1755 445 1803; x_wconf 82' lang='lat' dir='ltr'>sexu</span> <span class='ocrx_word' id='word_1_83' title='bbox 474 1730 672 1803; x_wconf 80' lang='lat' dir='ltr'>masculino</span> <span class='ocrx_word' id='word_1_84' title='bbox 693 1731 769 1803; x_wconf 84' lang='lat' dir='ltr'>sive</span> <span class='ocrx_word' id='word_1_85' title='bbox 792 1727 977 1805; x_wconf 88' lang='lat' dir='ltr'>foemineo</span> <span class='ocrx_word' id='word_1_86' title='bbox 995 1727 1226 1830; x_wconf 79' lang='lat' dir='ltr'>generanda,</span> 
     </span>
     <span class='ocr_line' id='line_1_14' title="bbox 135 1833 1222 1936; baseline -0.003 -27"><span class='ocrx_word' id='word_1_87' title='bbox 135 1833 358 1911; x_wconf 83' lang='lat' dir='ltr'>sufficienter</span> <span class='ocrx_word' id='word_1_88' title='bbox 376 1836 560 1911; x_wconf 80' lang='lat' dir='ltr'>exstiterat</span> <span class='ocrx_word' id='word_1_89' title='bbox 575 1838 776 1936; x_wconf 78' lang='lat' dir='ltr'>provisum,</span> <span class='ocrx_word' id='word_1_90' title='bbox 800 1837 997 1936; x_wconf 79' lang='lat' dir='ltr'>omniaque</span> <span class='ocrx_word' id='word_1_91' title='bbox 1014 1833 1222 1909; x_wconf 85' lang='lat' dir='ltr'>huiusmodi</span> 
     </span>
     <span class='ocr_line' id='line_1_15' title="bbox 135 1940 1222 2044; baseline -0.003 -28"><span class='ocrx_word' id='word_1_92' title='bbox 135 1941 330 2017; x_wconf 79' lang='lat' dir='ltr'>electionis</span> <span class='ocrx_word' id='word_1_93' title='bbox 363 1941 518 2043; x_wconf 82' lang='lat' dir='ltr'>negocia</span> <span class='ocrx_word' id='word_1_94' title='bbox 544 1957 629 2044; x_wconf 88' lang='lat' dir='ltr'>post</span> <span class='ocrx_word' id='word_1_95' title='bbox 658 1941 924 2021; x_wconf 86' lang='lat' dir='ltr'>intimationem</span> <span class='ocrx_word' id='word_1_96' title='bbox 956 1940 1003 2015; x_wconf 90' lang='lat' dir='ltr'>de</span> <span class='ocrx_word' id='word_1_97' title='bbox 1031 1944 1222 2016; x_wconf 73' lang='lat' dir='ltr'>nativitate</span> 
     </span>
     <span class='ocr_line' id='line_1_16' title="bbox 135 2045 1229 2148; baseline 0 -26"><span class='ocrx_word' id='word_1_98' title='bbox 135 2045 223 2139; x_wconf 81' lang='lat' dir='ltr'>filii,</span> <span class='ocrx_word' id='word_1_99' title='bbox 260 2073 331 2148; x_wconf 88' lang='lat' dir='ltr'>per</span> <span class='ocrx_word' id='word_1_100' title='bbox 357 2045 556 2148; x_wconf 86' lang='lat' dir='ltr'>praefatam</span> <span class='ocrx_word' id='word_1_101' title='bbox 577 2048 624 2145; x_wconf 53' lang='lat' dir='ltr'>D,</span> <span class='ocrx_word' id='word_1_102' title='bbox 642 2047 824 2148; x_wconf 77' lang='lat' dir='ltr'>reginam,</span> <span class='ocrx_word' id='word_1_103' title='bbox 860 2045 1060 2148; x_wconf 81' lang='lat' dir='ltr'>praefatam</span> <span class='ocrx_word' id='word_1_104' title='bbox 1080 2048 1229 2133; x_wconf 71' lang='lat' dir='ltr'>nunciis</span> 
     </span>
     <span class='ocr_line' id='line_1_17' title="bbox 135 2149 1226 2254; baseline -0.004 -25"><span class='ocrx_word' id='word_1_105' title='bbox 135 2154 277 2233; x_wconf 83' lang='lat' dir='ltr'>nostris</span> <span class='ocrx_word' id='word_1_106' title='bbox 303 2151 456 2245; x_wconf 76' lang='lat' dir='ltr'>factam,</span> <span class='ocrx_word' id='word_1_107' title='bbox 495 2150 664 2225; x_wconf 85' lang='lat' dir='ltr'>mandato</span> <span class='ocrx_word' id='word_1_108' title='bbox 686 2149 870 2252; x_wconf 84' lang='lat' dir='ltr'>praefatae</span> <span class='ocrx_word' id='word_1_109' title='bbox 888 2154 998 2226; x_wconf 87' lang='lat' dir='ltr'>Dom.</span> <span class='ocrx_word' id='word_1_110' title='bbox 1018 2154 1226 2254; x_wconf 64' lang='lat' dir='ltr'>reginacfct¹</span> 
     </span>
     <span class='ocr_line' id='line_1_18' title="bbox 135 2256 1222 2360; baseline -0.004 -25"><span class='ocrx_word' id='word_1_111' title='bbox 135 2259 310 2355; x_wconf 86' lang='lat' dir='ltr'>conclusa</span> <span class='ocrx_word' id='word_1_112' title='bbox 329 2276 367 2332; x_wconf 86' lang='lat' dir='ltr'>et</span> <span class='ocrx_word' id='word_1_113' title='bbox 385 2256 599 2335; x_wconf 77' lang='lat' dir='ltr'>confirmata</span> <span class='ocrx_word' id='word_1_114' title='bbox 617 2275 716 2332; x_wconf 87' lang='lat' dir='ltr'>sunt.</span> <span class='ocrx_word' id='word_1_115' title='bbox 740 2257 820 2332; x_wconf 90' lang='lat' dir='ltr'>Nos</span> <span class='ocrx_word' id='word_1_116' title='bbox 832 2258 956 2360; x_wconf 88' lang='lat' dir='ltr'>itaque</span> <span class='ocrx_word' id='word_1_117' title='bbox 972 2259 1135 2360; x_wconf 84' lang='lat' dir='ltr'>praelati,</span> <span class='ocrx_word' id='word_1_118' title='bbox 1157 2257 1222 2331; x_wconf 87' lang='lat' dir='ltr'>ba·</span> 
     </span>
     <span class='ocr_line' id='line_1_19' title="bbox 134 2364 1220 2469; baseline -0.002 -29"><span class='ocrx_word' id='word_1_119' title='bbox 134 2390 268 2456; x_wconf 86' lang='lat' dir='ltr'>rones,</span> <span class='ocrx_word' id='word_1_120' title='bbox 300 2365 507 2469; x_wconf 83' lang='lat' dir='ltr'>principes,</span> <span class='ocrx_word' id='word_1_121' title='bbox 545 2365 717 2458; x_wconf 88' lang='lat' dir='ltr'>comites,</span> <span class='ocrx_word' id='word_1_122' title='bbox 744 2387 914 2465; x_wconf 85' lang='lat' dir='ltr'>proceras</span> <span class='ocrx_word' id='word_1_123' title='bbox 943 2365 1053 2468; x_wconf 79' lang='lat' dir='ltr'>regni</span> <span class='ocrx_word' id='word_1_124' title='bbox 1073 2364 1220 2466; x_wconf 70' lang='lat' dir='ltr'>Hungu-</span> 
     </span>
     <span class='ocr_line' id='line_1_20' title="bbox 134 2467 1329 2574; baseline 0.003 -32"><span class='ocrx_word' id='word_1_125' title='bbox 134 2473 211 2547; x_wconf 87' lang='lat' dir='ltr'>riae</span> <span class='ocrx_word' id='word_1_126' title='bbox 231 2471 396 2571; x_wconf 86' lang='lat' dir='ltr'>superius</span> <span class='ocrx_word' id='word_1_127' title='bbox 417 2471 617 2546; x_wconf 87' lang='lat' dir='ltr'>memorati.</span> <span class='ocrx_word' id='word_1_128' title='bbox 636 2467 997 2564; x_wconf 72' lang='lat' dir='ltr'>animadvsttentes,</span> <span class='ocrx_word' id='word_1_129' title='bbox 1012 2470 1226 2574; x_wconf 89' lang='lat' dir='ltr'>praenomi·-</span> <span class='ocrx_word' id='word_1_130' title='bbox 1325 2548 1329 2557; x_wconf 74' lang='grc'><strong>,</strong></span> 
     </span>
     <span class='ocr_line' id='line_1_21' title="bbox 134 2575 1219 2655; baseline 0.001 -5"><span class='ocrx_word' id='word_1_131' title='bbox 134 2593 240 2650; x_wconf 89' lang='lat' dir='ltr'>natos</span> <span class='ocrx_word' id='word_1_132' title='bbox 259 2575 427 2655; x_wconf 81' lang='lat' dir='ltr'>dominos</span> <span class='ocrx_word' id='word_1_133' title='bbox 454 2575 741 2651; x_wconf 86' lang='lat' dir='ltr'>ambassiatores·</span> <span class='ocrx_word' id='word_1_134' title='bbox 755 2591 792 2650; x_wconf 86' lang='lat' dir='ltr'>et</span> <span class='ocrx_word' id='word_1_135' title='bbox 808 2578 962 2652; x_wconf 82' lang='lat' dir='ltr'>nuncios</span> <span class='ocrx_word' id='word_1_136' title='bbox 982 2586 1128 2654; x_wconf 84' lang='lat' dir='ltr'>nostros</span> <span class='ocrx_word' id='word_1_137' title='bbox 1145 2577 1219 2652; x_wconf 88' lang='lat' dir='ltr'>ele·</span> 
     </span>
     <span class='ocr_line' id='line_1_22' title="bbox 134 2681 1225 2787; baseline -0.002 -31"><span class='ocrx_word' id='word_1_138' title='bbox 134 2685 301 2757; x_wconf 87' lang='lat' dir='ltr'>ctionem</span> <span class='ocrx_word' id='word_1_139' title='bbox 323 2681 571 2787; x_wconf 85' lang='lat' dir='ltr'>praedictam,</span> <span class='ocrx_word' id='word_1_140' title='bbox 612 2683 712 2756; x_wconf 84' lang='lat' dir='ltr'>iuxta</span> <span class='ocrx_word' id='word_1_141' title='bbox 739 2684 815 2756; x_wconf 86' lang='lat' dir='ltr'>vim</span> <span class='ocrx_word' id='word_1_142' title='bbox 839 2700 878 2756; x_wconf 89' lang='lat' dir='ltr'>et</span> <span class='ocrx_word' id='word_1_143' title='bbox 900 2682 1055 2761; x_wconf 84' lang='lat' dir='ltr'>formam</span> <span class='ocrx_word' id='word_1_144' title='bbox 1081 2682 1225 2760; x_wconf 88' lang='lat' dir='ltr'>eisdem</span> 
     </span>
     <span class='ocr_line' id='line_1_23' title="bbox 134 2784 1223 2891; baseline 0.003 -28"><span class='ocrx_word' id='word_1_145' title='bbox 134 2786 259 2863; x_wconf 88' lang='lat' dir='ltr'>datam</span> <span class='ocrx_word' id='word_1_146' title='bbox 285 2805 321 2861; x_wconf 90' lang='lat' dir='ltr'>et</span> <span class='ocrx_word' id='word_1_147' title='bbox 348 2784 570 2864; x_wconf 67' lang='lat' dir='ltr'>desiderium</span> <span class='ocrx_word' id='word_1_148' title='bbox 604 2805 770 2862; x_wconf 82' lang='lat' dir='ltr'>nostrum</span> <span class='ocrx_word' id='word_1_149' title='bbox 798 2791 914 2889; x_wconf 82' lang='lat' dir='ltr'>egisse</span> <span class='ocrx_word' id='word_1_150' title='bbox 938 2807 977 2864; x_wconf 88' lang='lat' dir='ltr'>et</span> <span class='ocrx_word' id='word_1_151' title='bbox 1003 2790 1223 2891; x_wconf 74' lang='lat' dir='ltr'>perfecisse,</span> 
     </span>
     <span class='ocr_line' id='line_1_24' title="bbox 133 2894 1219 2997; baseline -0.001 -27"><span class='ocrx_word' id='word_1_152' title='bbox 133 2894 301 2970; x_wconf 86' lang='lat' dir='ltr'>eamdem</span> <span class='ocrx_word' id='word_1_153' title='bbox 319 2896 479 2969; x_wconf 86' lang='lat' dir='ltr'>unanimi</span> <span class='ocrx_word' id='word_1_154' title='bbox 498 2911 586 2971; x_wconf 82' lang='lat' dir='ltr'>voto</span> <span class='ocrx_word' id='word_1_155' title='bbox 606 2894 892 2995; x_wconf 84' lang='lat' dir='ltr'>acceptavimus,</span> <span class='ocrx_word' id='word_1_156' title='bbox 920 2895 1219 2997; x_wconf 77' lang='lat' dir='ltr'>gratificavimus,</span> 
     </span>
     <span class='ocr_line' id='line_1_25' title="bbox 103 2997 1221 3100; baseline 0.001 -24"><span class='ocrx_word' id='word_1_157' title='bbox 103 3039 106 3045; x_wconf 49' lang='lat'><em>¹</em></span> <span class='ocrx_word' id='word_1_158' title='bbox 135 2997 420 3077; x_wconf 81' lang='lat' dir='ltr'>collaudavimus</span> <span class='ocrx_word' id='word_1_159' title='bbox 444 3018 481 3074; x_wconf 89' lang='lat' dir='ltr'>et</span> <span class='ocrx_word' id='word_1_160' title='bbox 501 2998 817 3090; x_wconf 83' lang='lat' dir='ltr'>confirmavimus,</span> <span class='ocrx_word' id='word_1_161' title='bbox 846 3005 1145 3100; x_wconf 73' lang='lat' dir='ltr'>etpnesmtium</span> <span class='ocrx_word' id='word_1_162' title='bbox 1161 3027 1221 3077; x_wconf 90' lang='lat' dir='ltr'>se-</span> 
     </span>
     <span class='ocr_line' id='line_1_26' title="bbox 133 3098 1217 3213; baseline 0.001 -32"><span class='ocrx_word' id='word_1_163' title='bbox 133 3109 191 3181; x_wconf 91' lang='lat' dir='ltr'>rie</span> <span class='ocrx_word' id='word_1_164' title='bbox 216 3098 468 3213; x_wconf 81' lang='lat' dir='ltr'>acceptamus,</span> <span class='ocrx_word' id='word_1_165' title='bbox 502 3104 765 3212; x_wconf 71' lang='lat' dir='ltr'>granlicanius,</span> <span class='ocrx_word' id='word_1_166' title='bbox 795 3102 1047 3181; x_wconf 80' lang='lat' dir='ltr'>collaudemus</span> <span class='ocrx_word' id='word_1_167' title='bbox 1067 3126 1105 3181; x_wconf 86' lang='lat' dir='ltr'>et</span> <span class='ocrx_word' id='word_1_168' title='bbox 1129 3133 1217 3182; x_wconf 88' lang='lat' dir='ltr'>con-</span> 
     </span>
     <span class='ocr_line' id='line_1_27' title="bbox 131 3208 1218 3315; baseline -0.006 -24"><span class='ocrx_word' id='word_1_169' title='bbox 131 3208 337 3304; x_wconf 79' lang='lat' dir='ltr'>fi&#39;tmamtts,</span> <span class='ocrx_word' id='word_1_170' title='bbox 369 3229 406 3286; x_wconf 90' lang='lat' dir='ltr'>et</span> <span class='ocrx_word' id='word_1_171' title='bbox 437 3211 658 3315; x_wconf 74' lang='lat' dir='ltr'>saepefatum</span> <span class='ocrx_word' id='word_1_172' title='bbox 688 3209 957 3309; x_wconf 86' lang='lat' dir='ltr'>serenissimum</span> <span class='ocrx_word' id='word_1_173' title='bbox 982 3228 1020 3288; x_wconf 88' lang='lat' dir='ltr'>et</span> <span class='ocrx_word' id='word_1_174' title='bbox 1051 3214 1218 3288; x_wconf 87' lang='lat' dir='ltr'>inclitum</span> 
     </span>
     <span class='ocr_line' id='line_1_28' title="bbox 134 3313 1220 3422; baseline -0.002 -29"><span class='ocrx_word' id='word_1_175' title='bbox 134 3316 344 3421; x_wconf 83' lang='lat' dir='ltr'>Principem</span> <span class='ocrx_word' id='word_1_176' title='bbox 371 3319 419 3393; x_wconf 89' lang='lat' dir='ltr'>D.</span> <span class='ocrx_word' id='word_1_177' title='bbox 443 3318 709 3411; x_wconf 87' lang='lat' dir='ltr'>Wladislaum,</span> <span class='ocrx_word' id='word_1_178' title='bbox 730 3313 911 3390; x_wconf 86' lang='lat' dir='ltr'>Poloniae</span> <span class='ocrx_word' id='word_1_179' title='bbox 927 3342 1067 3422; x_wconf 82' lang='lat' dir='ltr'>regem,</span> <span class='ocrx_word' id='word_1_180' title='bbox 1091 3320 1131 3392; x_wconf 89' lang='lat' dir='ltr'>in</span> <span class='ocrx_word' id='word_1_181' title='bbox 1150 3315 1220 3391; x_wconf 91' lang='lat' dir='ltr'>do·</span> 
     </span>
    </p>
   </div>
   <div class='ocr_carea' id='block_1_3' title="bbox 128 3423 1293 4166">
    <p class='ocr_par' dir='ltr' id='par_1_3' title="bbox 128 3423 1293 4166">
     <span class='ocr_line' id='line_1_29' title="bbox 133 3423 1221 3529; baseline -0.008 -24"><span class='ocrx_word' id='word_1_182' title='bbox 133 3428 275 3505; x_wconf 83' lang='lat' dir='ltr'>minum</span> <span class='ocrx_word' id='word_1_183' title='bbox 301 3440 338 3498; x_wconf 89' lang='lat' dir='ltr'>et</span> <span class='ocrx_word' id='word_1_184' title='bbox 364 3447 486 3526; x_wconf 81' lang='lat' dir='ltr'>regem</span> <span class='ocrx_word' id='word_1_185' title='bbox 513 3425 615 3529; x_wconf 79' lang='lat' dir='ltr'>regni</span> <span class='ocrx_word' id='word_1_186' title='bbox 639 3423 850 3527; x_wconf 82' lang='lat' dir='ltr'>Hungariac</span> <span class='ocrx_word' id='word_1_187' title='bbox 880 3438 1106 3501; x_wconf 71' lang='lat' dir='ltr'>et‘nostrum</span> <span class='ocrx_word' id='word_1_188' title='bbox 1118 3423 1221 3499; x_wconf 84' lang='lat' dir='ltr'>reci-</span> 
     </span>
     <span class='ocr_line' id='line_1_30' title="bbox 131 3529 1216 3635; baseline 0.003 -34"><span class='ocrx_word' id='word_1_189' title='bbox 131 3534 272 3635; x_wconf 86' lang='lat' dir='ltr'>pimus,</span> <span class='ocrx_word' id='word_1_190' title='bbox 294 3533 507 3606; x_wconf 86' lang='lat' dir='ltr'>assumimus</span> <span class='ocrx_word' id='word_1_191' title='bbox 527 3546 562 3606; x_wconf 85' lang='lat' dir='ltr'>et</span> <span class='ocrx_word' id='word_1_192' title='bbox 580 3529 816 3632; x_wconf 77' lang='lat' dir='ltr'>profitemur,</span> <span class='ocrx_word' id='word_1_193' title='bbox 840 3555 883 3605; x_wconf 90' lang='lat' dir='ltr'>ac</span> <span class='ocrx_word' id='word_1_194' title='bbox 901 3530 1216 3634; x_wconf 80' lang='lat' dir='ltr'>recognoscimus3</span> 
     </span>
     <span class='ocr_line' id='line_1_31' title="bbox 128 3634 1219 3742; baseline -0.003 -31"><span class='ocrx_word' id='word_1_195' title='bbox 128 3634 278 3739; x_wconf 87' lang='lat' dir='ltr'>sibique</span> <span class='ocrx_word' id='word_1_196' title='bbox 296 3634 636 3739; x_wconf 22' lang='lat' dir='ltr'>tanquam-domino</span> <span class='ocrx_word' id='word_1_197' title='bbox 664 3652 791 3711; x_wconf 82' lang='lat' dir='ltr'>nostro</span> <span class='ocrx_word' id='word_1_198' title='bbox 811 3639 966 3712; x_wconf 86' lang='lat' dir='ltr'>naturali</span> <span class='ocrx_word' id='word_1_199' title='bbox 987 3653 1026 3711; x_wconf 91' lang='lat' dir='ltr'>et</span> <span class='ocrx_word' id='word_1_200' title='bbox 1054 3638 1133 3742; x_wconf 82' lang='lat' dir='ltr'>regi</span> <span class='ocrx_word' id='word_1_201' title='bbox 1152 3635 1219 3708; x_wconf 82' lang='lat' dir='ltr'>de-</span> 
     </span>
     <span class='ocr_line' id='line_1_32' title="bbox 129 3740 1220 3837; baseline -0.002 -22"><span class='ocrx_word' id='word_1_202' title='bbox 129 3741 254 3823; x_wconf 80' lang='lat' dir='ltr'>bitum</span> <span class='ocrx_word' id='word_1_203' title='bbox 270 3740 471 3837; x_wconf 86' lang='lat' dir='ltr'>honorem,</span> <span class='ocrx_word' id='word_1_204' title='bbox 494 3743 759 3835; x_wconf 85' lang='lat' dir='ltr'>obedientiam,</span> <span class='ocrx_word' id='word_1_205' title='bbox 779 3746 1051 3819; x_wconf 81' lang='lat' dir='ltr'>venerationem</span> <span class='ocrx_word' id='word_1_206' title='bbox 1066 3759 1108 3820; x_wconf 83' lang='lat' dir='ltr'>et</span> <span class='ocrx_word' id='word_1_207' title='bbox 1125 3740 1220 3815; x_wconf 61' lang='lat' dir='ltr'>fids</span> 
     </span>
     <span class='ocr_line' id='line_1_33' title="bbox 130 3847 1293 3950; baseline -0.003 -26"><span class='ocrx_word' id='word_1_208' title='bbox 130 3849 288 3942; x_wconf 87' lang='lat' dir='ltr'>litatem,</span> <span class='ocrx_word' id='word_1_209' title='bbox 316 3847 491 3950; x_wconf 86' lang='lat' dir='ltr'>quamdiu</span> <span class='ocrx_word' id='word_1_210' title='bbox 515 3851 735 3942; x_wconf 61' lang='lat' dir='ltr'>vixerimus,</span> <span class='ocrx_word' id='word_1_211' title='bbox 761 3847 1019 3928; x_wconf 77' lang='lat' dir='ltr'>exhibebimus</span> <span class='ocrx_word' id='word_1_212' title='bbox 1044 3867 1081 3922; x_wconf 89' lang='lat' dir='ltr'>et</span> <span class='ocrx_word' id='word_1_213' title='bbox 1108 3847 1217 3923; x_wconf 89' lang='lat' dir='ltr'>lacie-</span> <span class='ocrx_word' id='word_1_214' title='bbox 1289 3900 1293 3906; x_wconf 78' lang='lat'>-</span> 
     </span>
     <span class='ocr_line' id='line_1_34' title="bbox 128 3954 1252 4062; baseline -0.002 -31"><span class='ocrx_word' id='word_1_215' title='bbox 128 3980 228 4055; x_wconf 64' lang='grc' dir='ltr'>ως</span> <span class='ocrx_word' id='word_1_216' title='bbox 251 3971 294 4031; x_wconf 85' lang='lat' dir='ltr'>et</span> <span class='ocrx_word' id='word_1_217' title='bbox 308 3973 438 4039; x_wconf 84' lang='lat' dir='ltr'>contra</span> <span class='ocrx_word' id='word_1_218' title='bbox 454 3979 580 4041; x_wconf 86' lang='lat' dir='ltr'>omnes</span> <span class='ocrx_word' id='word_1_219' title='bbox 599 3954 760 4029; x_wconf 89' lang='lat' dir='ltr'>aemulos</span> <span class='ocrx_word' id='word_1_220' title='bbox 780 3978 864 4030; x_wconf 88' lang='lat' dir='ltr'>suos</span> <span class='ocrx_word' id='word_1_221' title='bbox 880 3970 919 4028; x_wconf 88' lang='lat' dir='ltr'>et</span> <span class='ocrx_word' id='word_1_222' title='bbox 933 3958 1131 4062; x_wconf 75' lang='lat' dir='ltr'>signanter,</span> <span class='ocrx_word' id='word_1_223' title='bbox 1152 3956 1217 4058; x_wconf 85' lang='lat' dir='ltr'>qui</span> <span class='ocrx_word' id='word_1_224' title='bbox 1249 4045 1252 4054; x_wconf 23' lang='grc' dir='ltr'>Ι</span> 
     </span>
     <span class='ocr_line' id='line_1_35' title="bbox 128 4060 1217 4166; baseline -0.009 -25"><span class='ocrx_word' id='word_1_225' title='bbox 128 4063 365 4153; x_wconf 67' lang='lat' dir='ltr'>serenitatem</span> <span class='ocrx_word' id='word_1_226' title='bbox 379 4083 488 4144; x_wconf 66' lang='lat' dir='ltr'>mam</span> <span class='ocrx_word' id='word_1_227' title='bbox 513 4063 552 4136; x_wconf 90' lang='lat' dir='ltr'>in</span> <span class='ocrx_word' id='word_1_228' title='bbox 568 4061 797 4138; x_wconf 76' lang='lat' dir='ltr'>assemtione</span> <span class='ocrx_word' id='word_1_229' title='bbox 809 4061 927 4163; x_wconf 68' lang='lat' dir='ltr'>‘regni</span> <span class='ocrx_word' id='word_1_230' title='bbox 951 4060 1158 4166; x_wconf 67' lang='lat' dir='ltr'>Hungmias</span> <span class='ocrx_word' id='word_1_231' title='bbox 1179 4076 1217 4136; x_wconf 87' lang='lat' dir='ltr'>ct</span> 
     </span>
    </p>
   </div>
   <div class='ocr_carea' id='block_1_4' title="bbox 0 0 1358 4568">
    <p class='ocr_par' dir='ltr' id='par_1_4' title="bbox 0 0 1358 4568">
     <span class='ocr_line' id='line_1_36' title="bbox 0 0 1358 4568; baseline 0 0"><span class='ocrx_word' id='word_1_232' title='bbox 0 0 1358 4568; x_wconf 95' lang='lat' dir='ltr'> </span> 
     </span>
    </p>
   </div>
  </div>
 </body>
</html>
