2708 4568
177 342 241 433 ,ιο

190 543 302 620 moris
321 558 395 635 est,
422 560 580 618 moestos
599 539 758 618 ducebat
777 539 865 619 dies.
884 535 1105 618 Abundabat
1123 552 1212 613 tunc
1231 534 1271 608 iu

191 674 304 764 regno
320 665 528 751 magnatum
545 652 654 753 copia
670 646 889 723 humanitate
905 647 1101 750 praeclara,
1122 646 1271 720 virtute·

109 842 114 853 Ι
185 752 266 857 'que
292 770 371 827 tum
400 757 563 850 consilii,
592 771 670 831 tum
689 756 839 829 militiae
858 751 1092 859 praefulgida.
1120 749 1182 825 Ad
1201 744 1270 821 bos

161 896 164 902 .
193 863 338 964 regina,
375 859 570 936 defuturo
600 889 686 966 rege
715 862 911 954 sollicitos,
947 864 1004 941 ita
1027 857 1141 939 verba
1164 855 1269 929 fecit:

183 968 346 1041 'Domini
364 984 400 1052 et
418 968 578 1043 Fratres!
599 968 644 1043 de
665 966 779 1071 rebus
797 969 919 1071 regni,
937 964 1041 1040 vobis
1060 990 1136 1064 non
1152 963 1273 1036 minus

193 1100 305 1176 quam
322 1071 431 1167 mibi,
454 1077 614 1177 cogitare
630 1065 819 1149 incumbit
854 1077 936 1175 lpsa
957 1099 1057 1164 sum,
1080 1085 1122 1143 ut
1138 1068 1272 1159 nostis,

192 1178 323 1275 baeres'
337 1181 460 1281 regni,
487 1194 675 1284 nonjergo
701 1176 748 1253 ad
772 1177 978 1282 dirigendas
994 1178 1097 1279 regni
1113 1173 1275 1249 habenas

192 1310 312 1365 meam
332 1284 499 1364 sufficere
519 1287 684 1364 arbitror
713 1287 894 1362 virtutem.
930 1285 974 1363 si
992 1281 1039 1357 ad
1058 1280 1203 1385 prolem
1227 1304 1275 1352 ex

155 1446 164 1458 ι
193 1419 252 1468 me
277 1388 496 1466 nascendam
511 1394 728 1495 expectatis,
755 1389 935 1468 foeminea
961 1392 1001 1464 in
1016 1403 1194 1492 quantum
1211 1409 1274 1458 exn

194 1499 307 1605 periri
324 1498 572 1594 veternarum,
593 1498 705 1574 filiam
722 1501 834 1602 magis
854 1524 966 1600 quam
981 1494 1097 1569 filium
1114 1520 1172 1570 me
1190 1516 1275 1595 par·

195 1607 334 1698 aurire,
368 1602 542 1681 arbitror.
583 1605 756 1696 Quaerite
780 1606 891 1707 igitur
915 1602 1022 1679 vobis
1051 1602 1277 1704 principem,

196 1713 263 1815 qui
278 1708 325 1782 ad
335 1709 531 1814 portandas
543 1714 637 1797 ,tanti
652 1713 754 1816 regni
773 1736 879 1788 curas
896 1707 1056 1784 foemina
1069 1708 1180 1810 magis
1195 1703 1276 1785 ido·

196 1844 265 1893 nea
281 1818 345 1910 sit,
364 1843 433 1894 nee
450 1820 569 1892 minus
584 1819 656 1905 mei
672 1820 847 1921 genitoris
863 1813 1040 1890 beneficia
1060 1840 1147 1915 prae
1163 1808 1276 1886 corde

197 1948 360 2027 praeque
385 1923 501 2000 oculis
525 1923 702 2017 ferentes,
738 1916 798 1998 nie
818 1926 857 1998 in
878 1947 993 2027 regno
1017 1922 1132 2012 illius,
1159 1940 1277 2017 equo

198 2030 439 2133 genitricum,
467 2048 654 2132 expertem
678 2026 725 2103 ne
748 2028 896 2106 faciatis.
915 2066 970 2083 -
994 2030 1095 2102 Haec
1112 2024 1277 2125 Reginae

198 2137 317 2210 oratio
344 2136 545 2238 ingentem,
564 2136 698 2211 multos
713 2162 782 2237 per
799 2162 931 2229 annos,
963 2136 1002 2209 in
1018 2132 1203 2234 Hungaria
1220 2156 1278 2203 arn

189 2241 345 2318 ‘dentem
362 2239 477 2318 facem
495 2246 649 2345 peperit.
675 2243 769 2317 Nam
785 2243 969 2345 Magnetes
989 2243 1059 2342 ipsi
1083 2265 1130 2320 ex
1149 2237 1203 2311 bis
1219 2261 1278 2309 re·

198 2351 302 2454 ginae
323 2346 443 2422 verbis
461 2390 518 2403 -
540 2349 586 2424 de
609 2374 707 2424 novo
725 2375 813 2453 rege
832 2345 1099 2421 introducendo
1116 2343 1278 2425 unanimi

198 2470 288 2528 voto
306 2455 548 2535 contulerunt.
585 2457 672 2529 Erat
690 2471 778 2529 tunc
796 2458 834 2529 in
856 2479 969 2556 regno
987 2452 1159 2526 Poloniae
1178 2449 1277 2549 prin·

200 2584 285 2661 ceps
311 2558 461 2662 quidam
484 2563 641 2653 iuvenis,
670 2558 1052 2650 nomineVladislaus,
1071 2557 1184 2632 frater
1202 2555 1279 2627 Kaa

200 2667 352 2740 aimerii.
393 2668 509 2742 Huius
534 2694 680 2742 morum
712 2667 917 2771 peroptime
953 2666 1107 2739 virtutes
1131 2659 1219 2733 dum
1239 2660 1280 2732 in

200 2772 726 2876 Hungariatcommendantur‚
755 2773 894 2879 placuit
912 2771 972 2846 ille
992 2771 1115 2844 coetui
1135 2793 1279 2868 magna·

79 2944 88 2959 .
201 2895 280 2955 tum
305 2881 486 2956 universe.
522 2884 753 2957 conventum
772 2897 828 2957 est
843 2881 953 2984 igitur
977 2875 1023 2950 de
1049 2875 1131 2966 ille,
1158 2889 1199 2946 ut
1223 2874 1279 2944 in·

55 3064 62 3079 ,
99 2984 105 2999 '
155 3082 158 3087 .
193 2983 459 3060 trodueeretur
485 3003 523 3060 et
544 3002 722 3090 regnaret.
749 2990 983 3089 Quapropter
1007 2983 1078 3059 viri
1101 2983 1139 3054 in
1163 3005 1281 3082 regno

131 3102 138 3183 ζ
201 3108 389 3197 potentes,
417 3091 586 3196 famaque
612 3091 781 3188 bonesti,·
802 3094 1002 3194 Episcopus
1021 3085 1284 3178 Tinniniensis,

201 3224 245 3275 ae
266 3197 413 3292 Matlo,
441 3201 657 3293 Dalmatiae,
687 3202 854 3277 Creatiae
874 3225 916 3274 ae
935 3197 1048 3272 totius
1066 3193 1282 3270 sclavoniae

200 3306 341 3394 Banus,
372 3307 578 3399 Emericus‚
611 3305 704 3382 filius
729 3305 912 3381 Vaivodae
941 3303 987 3378 de
1016 3301 1207 3391 Marczali,
1244 3312 1282 3371 et

201 3410 386 3485 ladislaus
415 3412 460 3487 de
480 3409 633 3507 Palocz,
661 3440 734 3518 pro
762 3409 965 3486 deferendo
994 3407 1041 3483 ad
1059 3408 1161 3482 illum
1181 3431 1281 3480 com·
1309 3428 1311 3433 ¹

201 3518 385 3590 munitatis
418 3535 529 3612 vote,
573 3544 716 3623 proque
745 3519 811 3593 illo
842 3512 1132 3603 introducendo,
1176 3510 1282 3586 electi

202 3624 341 3729 pariter
357 3640 395 3697 et
413 3621 580 3699 destinati
596 3624 710 3703 fuere.
722 3667 773 3679 -·
789 3624 1016 3702 Voluebetur
1033 3617 1281 3694 MCCCCXL.
1336 3708 1339 3716 ,

202 3726 407 3811 dominicae
428 3733 689 3807 incarnationis
707 3757 843 3827 annus,
873 3756 989 3834 quum
1008 3727 1082 3816 illi,
1101 3749 1168 3827 per
1189 3749 1282 3796 nun-

111 3850 113 3855 ’
203 3835 302 3926 cios,
329 3835 490 3937 reginam
514 3835 628 3911 filium
655 3841 837 3942 peperisse
863 3837 1094 3922 nunciantes,
1129 3856 1176 3903 ne
1197 3853 1283 3929 erga

203 3939 426 4021 Vladislaum
454 3961 619 4049 suscepta
644 3959 840 4020 uterentur·
868 3942 1048 4048 legatione
1057 3991 1070 4029 „
1104 3933 1283 4039 prohibiti

203 4063 297 4131 tunt·
344 4046 400 4129 Illi
431 4065 552 4130 eutem
572 4051 721 4165 ‚absque
750 4051 968 4131 executione
990 4043 1173 4121 commissi
1198 4041 1287 4144 ipsis
