2708 4568
1065 332 1150 419 ,tt

56 549 142 607 mus
165 528 394 605 adolesceret
417 540 480 600 aut
507 541 661 602 externo
690 525 812 624 bello,
852 546 916 605 aut
944 530 1152 613 domesticis

57 634 303 712 seditionibus
326 658 480 739 regnum
511 631 791 727 succumberet,
828 638 1012 743 quidquid
1043 643 1080 717 in
1103 668 1152 719 eo

63 740 227 849 eligendo
261 759 407 831 actum,
444 737 629 814 dictumve
659 756 772 832 esset,
812 745 962 818 consilia
994 752 1152 853 tempori

61 846 397 938 accommodando,
427 843 627 921 deliberate
654 846 809 921 fuctum:
844 853 874 924 si
901 850 990 955 quid
1018 871 1150 931 contra

61 956 107 1031 ab
127 957 254 1059 aliquo
269 969 468 1046 tentatum,
496 969 557 1025 aut
573 950 733 1028 humano
751 958 872 1029 errori
896 976 958 1032 aut
977 982 1151 1064 superva-

62 1047 150 1139 cuae
164 1060 252 1147 fidei
269 1086 354 1164 erga
370 1059 508 1161 regiam
524 1058 695 1166 stirpem,
725 1057 1005 1139 adscribendum
1026 1069 1150 1169 potius

62 1171 291 1244 asseveravit.
315 1207 364 1222 -
380 1168 453 1240 Eos
471 1162 599 1260 etiam,
628 1165 713 1241 licet
735 1189 820 1242 sane
836 1170 991 1264 multos,
1020 1198 1150 1248 errore

63 1273 246 1351 iudicandi
271 1288 335 1346 aut
360 1270 487 1345 officio
512 1297 596 1375 erga
622 1275 783 1377 reginam
809 1274 853 1348 in'
875 1274 1059 1352 diversum
1085 1278 1149 1352 ab·

63 1378 514 1481 stractos‚‘.plurimorum
547 1404 763 1459 consensum
794 1401 1067 1460 revocaturum.
1095 1426 1146 1442 -υ

63 1486 373 1593 Longe'uraxima,
391 1483 674 1590 difficilioraque
696 1503 895 1562 transacta:
921 1492 1055 1567 Teucri
1077 1493 1148 1567 iam

62 1589 233 1687 Budam,
256 1590 388 1668 sedem¹
404 1593 560 1697 regiam,
590 1607 666 1666 tum
684 1593 862 1668 Comitem
884 1597 1015 1690 Ciliae,
1046 1600 1148 1675 cuius

64 1703 168 1775 unius
191 1700 275 1803 spe',
306 1698 464 1772 maxime
499 1698 622 1800 regina
649 1699 742 1772 elata
781 1698 829 1774 ad
855 1704 1149 1780 tumultuandum

60 1806 189 1915 ¹foret,
209 1806 383 1883 felicitate
402 1802 571 1907 publica,
594 1807 631 1877 in
650 1820 868 1907 potestatem
887 1808 1021 1887 datum.
1050 1812 1148 1887 lleli·
1180 1868 1192 1883 .
1308 1784 1313 1795 .

64 1940 132 2019 qna
147 1938 245 2005 sane,
266 1913 345 1987 sine
359 1907 469 1986 caede
489 1929 525 1985 et
543 1915 715 2014 sanguine
734 1912 773 1986 in
789 1911 965 1993 ditionem
983 1936 1147 2012 ventura,

64 2040 135 2095 non
152 2018 321 2110 futuros,
350 2018 414 2120 qui
440 2014 513 2090 inm
529 2018 606 2091 vim
624 2018 765 2119 potius,
793 2044 902 2120 quam
919 2024 1147 2101 clementiam

64 2128 152 2233 regis
172 2126 307 2202 veilent
326 2124 494 2227 experiri.
511 2124 753 2224 -·Denique
770 2124 817 2198 ad
833 2126 958 2202 laudes
981 2154 1146 2222 munci-n,

65 2233 195 2337 quibus
209 2227 511 2333 Huuyadianum,
532 2228 801 2332 Nicolaumque
827 2233 965 2327 affecit,
988 2233 1148 2337 dignita·

63 2358 133 2415 tem
151 2340 261 2414 etiam
288 2335 441 2410 adiecit:
477 2333 661 2413 declarato
687 2337 848 2442 iitroque
872 2340 1145 2418 Transilvaniae

61 2440 173 2522 Duce.
210 2444 404 2520 Caeterum
433 2440 518 2547 quia
544 2441 583 2516 in
602 2442 848 2545 Hunyndiano
869 2449 987 2525 maior
1009 2447 1143 2523 emiue-

59 2551 121 2628 lut
136 2549 279 2628 indoles
294 2544 346 2645 ¹ad
371 2544 431 2623 res
456 2546 622 2641 bellicas,
662 2574 705 2625 ea
725 2555 959 2657 potissimum
987 2552 1142 2661 oppida,

61 2684 154 2762 quae
176 2656 309 2733 Turcis
333 2654 476 2730 obieeta
498 2670 620 2748 erant,
655 2654 708 2731 illi
728 2662 930 2757 commisit,
962 2680 999 2738 et
1020 2666 1142 2771 copin-

59 2792 158 2860 mm,
185 2779 362 2869 quantum
381 2786 440 2844 res
463 2779 549 2835 tunc
567 2760 756 2858 sinebant,
779 2768 981 2871 assignavit,
1004 2788 1142 2845 utnon

60 2866 184 2947 solum'
202 2896 265 2944 sua
293 2865 511 2961 defendere,
546 2866 669 2944 sedet
696 2896 763 2974 per
785 2876 1011 2950 occasionem
1034 2854 1143 2954 etiaim

58 2974 148 3052 fines
178 2973 338 3050 bostium
366 2974 643 3071 transcendere,
684 2993 793 3079 atque
820 3003 954 3081 operae
982 2984 1142 3085 p1etium

57 3083 177 3161 facere
200 3097 336 3183 posset3
372 3079 476 3184 'quad
491 3097 615 3183 postea
635 3080 839 3186 saepissime
859 3084 956 3162 fecit.
984 3091 1030 3167 Et
1045 3088 1141 3165 Tur·

58 3193 107 3266 cis
127 3189 279 3293 quidem
305 3194 473 3291 inagnum
495 3186 541 3263 de
566 3213 605 3262 se
631 3204 815 3265 terrorem
838 3192 1008 3292 incussit,
1044 3180 1142 3297 apud

56 3322 141 3373 suos
161 3321 252 3370 vero
272 3296 454 3398 ingentem
473 3319 577 3398 spem
597 3297 807 3371 excitavit“
833 3297 917 3375 Lib.
938 3301 965 3373 Ι.
985 3310 1023 3375 e‘t
1038 3300 1084 3376 11.
1115 3318 1144 3405 J

154 3403 208 3504 7.)
224 3404 349 3477 Duces
365 3400 536 3503 Scriptor
555 3400 682 3477 itidem
696 3428 863 3506 graecus:
874 3405 1034 3499 „Hocce
1055 3422 1142 3482 tem·

54 3518 146 3613 pore
161 3509 370 3613 Hungariae
388 3533 455 3581 rex
480 3507 594 3583 infans
612 3507 730 3597 adhuc
755 3528 853 3606 erat,
883 3534 951 3588 nec
978 3516 1043 3618 qui
1059 3541 1140 3615 rem
1216 3533 1229 3548 ·

54 3610 241 3692 bellicum
256 3613 541 3707 administraret,
570 3617 744 3691 ricarium
772 3614 942 3694 habebat.
971 3623 1142 3724 Quapro⁴

52 3730 137 3827 pter
163 3716 311 3828 cognite
327 3724 530 3796 Turcarum
556 3720 725 3818 audacia,
752 3722 947 3829 quemdam
967 3730 1014 3800 e'x
1031 3724 1160 3801 nobi?

52 3830 149 3906 libus
168 3826 394 3934 praefectum
405 3828 612 3929 generalem
629 3829 848 3927 exercitibus
855 3833 992 3938 'regine
1008 3834 1143 3906 consti·

51 3940 146 4031 tuit,-
161 3938 296 4009 uirum
312 3933 483 4038 equidem
502 3932 697 4030 audacem,
719 3932 944 4035 animosum,
971 3940 1142 4039 alterum·

40 4046 180 4152 'quein
200 4067 246 4121 re
262 4035 638 4119 bellicatctitlem
665 4061 702 4116 ct
721 4044 979 4120 Hectorem
1002 4072 1039 4152 p.
1054 4051 1142 4120 115ss

155 4184 179 4202 ,⁸
216 4174 220 4178 =
379 4190 384 4205 ι
449 4188 454 4197 ,
886 4158 909 4226 2
930 4149 952 4196 ὓ
