2708 4568
1139 252 1220 341 ἐι

130 467 212 561 rit,
237 464 275 541 in
291 492 337 543 re
357 466 426 541 ista
447 490 526 543 nou
542 464 658 541 ruodo
681 462 812 541 faeiem
830 466 1003 571 pudoris,
1015 468 1083 545 sed
1098 488 1136 543 et
1152 476 1226 547 ani·

134 600 239 647 mam
261 575 394 647 mortis
415 576 693 675 cuntemtrioem
716 600 911 649 insumere.
947 579 1074 677 ltaque
1095 576 1226 653 lidneia

139 683 267 784 plenus
286 676 443 773 hortor,
470 676 636 772 advoco,
661 706 817 772 moneo,
845 680 969 784 llagito
985 700 1024 755 et
1041 680 1227 758 bnmilirer

139 786 323 891 deprecor
355 786 536 861 excelsam
575 789 775 861 sanctitatis
813 811 954 859 vestrae
990 788 1226 893 dignitatem,

140 918 251 995 qiman
268 890 394 973 divina
413 891 643 994 prouidentia¹
663 890 760 965 ba'ud
781 893 897 965 minus
917 893 1015 984 usui,
1037 922 1148 995 qnam
1167 924 1226 970 re·

139 1000 267 1104 giurini
292 1000 465 1101 praetulit
486 998 631 1102 populo
655 996 872 1088 christiano,
912 1016 1088 1101 qnatenus
1107 1002 1226 1079 donec

141 1105 279 1208 pendet
303 1131 406 1206 spes,
434 1100 556 1179 donec
577 1102 711 1179 fiducia
726 1105 865 1203 geritur
885 1125 923 1189 et.
940 1109 1135 1208 ingeritur,
1164 1136 1227 1183 ex·

143 1230 247 1315 urgat
267 1208 390 1287 denuo
409 1226 516 1317 pater
534 1207 580 1283 ad
599 1212 895 1312 persecutionem
914 1214 1036 1314 coepti
1057 1240 1128 1315 pro
1146 1214 1228 1288 filiis

144 1318 298 1421 negotii,
325 1316 420 1411 ferat
438 1343 547 1419 opem
569 1334 609 1391 et
627 1343 779 1419 opernm
797 1321 1000 1393 necessitati
1021 1344 1227 1420 expugnan-

94 1480 97 1485 -
142 1424 231 1515 dae,
259 1422 357 1498 idem
376 1423 471 1514 dux,
500 1423 577 1495 dux
595 1425 720 1495 salutis
738 1440 776 1496 et
793 1448 934 1516 comes,
963 1424 1060 1500 idem
1077 1454 1227 1501 alanum

144 1548 266 1605 rector
292 1545 332 1603 et
350 1530 469 1617 ultor-3
495 1529 635 1601 assistat
655 1526 742 1602 huic
769 1530 905 1632 lapsui,
939 1534 1000 1631 qui
1020 1533 1118 1608 casui
1140 1561 1227 1634 prn-

142 1639 261 1712 ximus
280 1652 347 1709 eat.
385 1636 509 1707 llosris
537 1636 612 1735 ipse
641 1636 763 1709 multis
790 1637 906 1735 copsiis
933 1642 1225 1737 plautinarum,

142 1740 311 1839 finitimos
332 1766 459 1815 ornnes
475 1740 620 1841 aequali
635 1736 788 1815 fulmine
806 1743 941 1842 quatit,
965 1741 1109 1830 demtis,
1135 1770 1227 1843 quo·

141 1876 224 1924 rum
241 1848 428 1951 potentine
448 1871 521 1917 non
539 1849 656 1947 parcit
682 1844 887 1939 interdum,
915 1846 982 1921 sed
1003 1848 1112 1923 cedit.
1151 1850 1227 1925 Sed

142 1982 226 2029 cum
246 1956 359 2030 sciam
375 1951 463 2028 fidei
485 1960 525 2026 et'
545 1950 661 2025 lidelis
681 1952 809 2055 pupuli
831 1979 910 2027 rem
934 1954 1010 2055 agi,
1039 1958 1226 2032 miserebi-

140 2068 201 2137 tur
218 2060 361 2169 populo
375 2060 565 2134 suo'Dens
581 2073 724 2149 noster,
746 2058 808 2129 tali
831 2058 954 2145 Duce,
973 2060 1035 2131 tali
1053 2082 1224 2155 auclore,

140 2170 200 2245 tali
223 2164 388 2269 denique·
401 2179 676 2269 propugnatore
695 2164 860 2267 praevios
887 2162 1016 2240 Solum
1036 2168 1225 2270 reincepto

137 2300 215 2350 esse
241 2298 336 2375 opus
358 2272 538 2361 arbitror,
574 2296 639 2363 ne,
673 2272 706 2343 ai
728 2266 892 2344 fidelium
909 2296 1114 2375 propagare
1135 2272 1224 2347 lines

137 2381 425 2484 neglexerimus,
454 2377 618 2478 prrl'ene
637 2377 823 2479 contingat
840 2395 1133 2480 propagatnrnn.
1156 2378 1223 2453 0f-
1308 2410 1314 2421 ·

136 2486 236 2563 ferre
255 2503 378 2559 autem
397 2480 517 2557 mend
536 2479 608 2555 boe
633 2507 726 2583 opus
745 2479 864 2557 verbis
881 2509 957 2558 non
973 2503 1223 2587 opportunum

136 2592 282 2697 putavi,
307 2592 493 2692 ¹qnoniam
512 2586 652 2662 ridebit
676 2604 712 2663 et
733 2586 876 2689 putabit
895 2588 1083 2667 beatitudo
1104 2613 1222 2669 restra

134 2700 355 2803 paratiorem
383 2722 443 2783 me
456 2692 632 2767 'binarum
660 2692 862 2798 deinceps,¹
886 2698 1006 2775 animo
1030 2714 1068 2787 et
1087 2724 1219 2805 opere,

135 2831 249 2909 quam
276 2810 464 2895 sermone3
500 2798 732 2903 propositum
763 2800 923 2904 denique
955 2802 1043 2879 milri
1074 2804 1220 2882 lirmum

134 2936 234 3004 eme,
270 2912 308 2984 iu
332 2906 406 2983 lanc
432 2908 610 2983 exercitio
633 2920 671 2979 rt
699 2908 809 2978 vitam
837 2911 972 3007 pnrner
997 2925 1035 2983 et
1062 2932 1219 2987 mortem

130 3033 380 3094 (rontemnere
415 3017 495 3091 lmo'
516 3014 653 3087 utinam
677 3034 784 3113 possa
803 3026 842 3086 at
862 3010 953 3089 velle
974 3014 1012 3089 in
1030 3039 1149 3119 aeqrm
1168 3017 1217 3092 si-

131 3142 214 3199 tum
242 3124 360 3216 foret,
396 3123 523 3222 quieto
553 3115 626 3192 boc
654 3115 782 3191 labore
807 3116 947 3195 assidue
971 3145 1159 3199 recrearer
1179 3140 1219 3199 et

132 3257 312 3332 nusquam
339 3228 477 3305 viribus
502 3225 725 3298 alacritatem
749 3239 894 3323 paterer
914 3223 1123 3303 tardiorem.
1149 3229 1216 3303 Ni·

98 3404 103 3415 ,
130 3335 328 3413 bilomiuua
347 3336 462 3409 enitar
482 3329 640 3423 rinbus,
677 3328 851 3431 quamdiu
877 3327 1023 3433 spiritus
1038 3330 1106 3408 hoa
1122 3333 1219 3439 regit

130 3462 253 3536 artus,
279 3458 319 3517 et
335 3438 553 3545 quotidiano
573 3462 641 3511 usu
659 3434 778 3510 adbuc
807 3437 979 3540 peritiam
996 3438 1094 3515 alera
1113 3440 1214 3515 insti·

131 3550 207 3641 ant,
234 3574 306 3631 neu
323 3545 474 3623 cessabo
501 3570 582 3619 mea
607 3561 757 3646 sponte,
788 3544 951 3647 rigantia
979 3568 1135 3649 superna
1160 3545 1214 3621 af·

129 3654 264 3749 fuerit,
300 3653 421 3728 donec
440 3669 478 3726 et
497 3650 627 3725 damna
644 3651 784 3752 patriae
807 3646 989 3751 detergam
1009 3668 1047 3726 et
1065 3650 1212 3755 probra.

129 3762 237 3839 Haeo·
253 3761 414 3835 seribere
434 3758 553 3850 volui,
580 3772 730 3857 urgente
749 3779 815 3827 me¹
829 3754 963 3829 affectu
990 3782 1094 3852 meo,
1123 3783 1211 3833 exo-

128 3894 229 3945 rans·
244 3865 449 3955 humiliter,
486 3890 532 3938 ne
560 3862 943 3964 temeritatisarguar.
989 3863 1149 3957 Verum,
1170 3882 1212 3938 ut

126 3972 314 4078 ppiorjbrn
335 3971 467 4047 litteris
494 3967 679 4074 pollicitus
695 3990 796 4059 sum,
832 3967 914 4043 miai
935 3992 1020 4045 eum
1040 3995 1210 4077 praesen·

181 4076 434 4184 Hunyadiaua
992 4077 1017 4153 6
1184 4074 1188 4083 ’
