2708 4568
158 299 235 370 318
321 332 324 337 ’

90 534 98 553 ·
162 513 332 590 -1396,
360 505 810 616 Diplomatusigismundi
831 502 879 582 de
896 530 992 580 anno
1018 510 1133 581 1408.
1153 503 1246 581 feria

159 634 260 697 sexta
280 633 367 722 post
379 614 533 712 Pascha,
559 617 647 691 item
667 613 712 688 de
733 638 830 687 anno
852 618 966 687 1401.
988 612 1048 688 die
1066 619 1127 689 13.
1147 615 1246 689 Mar·

160 728 222 820 tii,
249 722 397 799 ibidem.
426 761 479 779 ·-
504 724 619 797 Paeto
648 719 722 795 hoc
741 715 945 794 iohannem
966 746 1063 794 anno
1080 722 1245 821 primum

161 832 356 908 '1395-6,
372 854 519 906 necesse
538 826 668 905 fuisset
685 829 802 919 nasci3
837 827 1003 931 nativitas
1025 835 1147 901 tamen
1168 827 1247 901 eius

158 937 256 1015 ultra
274 961 409 1011 annum
431 941 544 1010 1392.
559 933 742 1010 removeri
760 931 972 1032 neutiquam
990 949 1123 1036 potest.
1151 934 1244 1007 Jure

102 1090 106 1099 ·
159 1045 267 1146 proin
295 1043 442 1143 scripsit
466 1041 680 1118 Ludovicus
706 1039 772 1113 XI.
796 1038 998 1114 Galliarum
1022 1066 1091 1113 rex
1109 1038 1158 1113 ad
1185 1064 1245 1113 re-

41 1175 45 1183 ’
161 1146 454 1253 gemMathiam:
492 1146 586 1244 „Ad
621 1142 864 1221 notabiles
891 1143 1114 1221 infamias
1140 1161 1246 1220 con·

161 1271 234 1331 tra
267 1281 394 1331 suum
428 1271 475 1328 et
501 1253 738 1356 genitoris
774 1251 843 1324 sui
877 1277 1066 1345 nomen,
1103 1275 1245 1325 aures

123 1386 209 1455 ,se
244 1361 377 1436 nullo
414 1360 550 1435 modo
589 1354 819 1432 adhibere
852 1359 1083 1459 potuisse.
1114 1395 1243 1410 -—-·

51 1548 55 1555 ,
141 1468 237 1560 -Ea,
285 1488 437 1567 quae
476 1463 531 1539 de
566 1466 674 1568 ipso
717 1461 984 1563 malignitas
1025 1487 1136 1538 ausa
1174 1477 1244 1539 est

157 1572 478 1667 comminisci,
522 1570 747 1673 alioquin
783 1571 977 1645 minime
1011 1569 1245 1645 verisimi-

41 1714 47 1729 ·
155 1676 220 1752 lin
256 1678 401 1761 etiam
438 1677 633 1753 ratione
667 1692 939 1775 temporum
974 1674 1245 1779 impossibl-

155 1780 243 1877 lia,
270 1808 394 1878 esse,
431 1781 581 1858 facile
608 1783 976 1859 coniiciuntur.“
1004 1781 1103 1858 Vide
1124 1783 1241 1884 Epist.

153 1888 267 1967 Math.
281 1890 438 1965 Corvini
452 1891 657 1990 Tyrnaviae
684 1916 781 1964 anno
807 1892 920 1967 1744.
941 1889 987 1963 de
1007 1914 1104 1962 anno
1129 1892 1240 1967 1463.

44 2010 49 2019 '
155 2021 227 2071 nro
246 1996 361 2074 LXII.
397 1996 531 2070 Milites
558 1994 791 2095 Hnnyadiani
817 1996 959 2071 saeculo
987 1993 1112 2069 medio
1138 1994 1241 2071 xvl.

152 2092 252 2177 haud
268 2104 516 2206 proruerint,
542 2128 612 2176 nec
633 2101 721 2178 facti
744 2103 934 2179 veritatem
956 2093 1138 2177 noverint
1301 2090 1309 2111 '

253 2303 306 2403 9.)
334 2305 509 2382 Fabulam
539 2305 659 2401 domi,
690 2307 852 2410 forisque
879 2303 1129 2409 profligatam,
1168 2332 1243 2383 nou

156 2411 233 2487 sine
254 2412 481 2515 impudentia
509 2415 739 2500 resuscitavit
757 2414 961 2506 Benkdi'us,
999 2414 1107 2486 etlam
1126 2414 1243 2487 Tran-

158 2519 338 2614 silvanus,
364 2520 403 2595 in
424 2546 488 2597 sua
506 2521 774 2596 Transilvaniae
796 2521 977 2612 Historia,
1004 2521 1243 2621 sequentibus

157 2627 341 2701 rationum
360 2629 573 2701 momentis:
605 2624 658 2722 1.)
685 2627 741 2699 lta
762 2642 887 2699 narrat
898 2625 1144 2721 Transilvania
1165 2629 1244 2700 uni·

55 2736 59 2744 ’
157 2755 280 2805 versa:
322 2732 401 2835 ipsa
430 2756 580 2832 quoque
602 2729 844 2832 Hnnyadiana
865 2725 1055 2834 prosapia,
1091 2747 1146 2807 ast
1172 2746 1243 2805 tra-

89 2886 92 2891 -
159 2833 252 2912 ditio
269 2835 426 2940 vulgaris
446 2835 528 2911 fons
546 2835 618 2912 fide
639 2836 821 2941 dignitatis
840 2865 916 2913 non
936 2853 1010 2931 est,
1036 2839 1244 2939 praesertim

158 2944 243 3017 cum
263 2945 338 3018 eius
366 2945 495 3048 origo,-
517 2944 683 3020 ‘traditio
700 2945 889 3037 Heltaiana
913 2943 1125 3037 infundata,
1153 2961 1244 3019 tom-

156 3074 292 3151 porum
313 3075 356 3124 ac
378 3038 548 3125 lo'corum
568 3051 748 3127 adiundtis
769 3049 982 3144 dissonam,
1010 3049 1246 3152 Scriptorum

154 3179 197 3229 ac
216 3156 466 3259 Diplomatum
492 3158 705 3232 testimoniis
726 3155 875 3233 adversa
895 3159 933 3232 in
952 3155 1079 3259 patulo
1101 3175 1168 3233 est.
1192 3181 1245 3215 ·-·

159 3261 517 3364 Consauguineorum
547 3290 622 3353 non
650 3265 778 3358 dictis,
815 3263 880 3338 sed
905 3261 1143 3345 ,documentis
1180 3260 1242 3339 ha·

69 3432 72 3439 .
158 3365 280 3446 banda
298 3366 399 3444 lides.
439 3365 605 3446 Traditio
631 3370 733 3472 vulgi·
748 3369 938 3445 erroribus
957 3395 1101 3469 semper
1124 3368 1243 3445 obno-

158 3474 226 3549 xia.
264 3473 389 3568 Plebi,
424 3473 528 3578 quod
546 3477 870 3572 mirum,‘verum;
904 3477 1112 3568 Historico,
1143 3473 1248 3578 quod

157 3576 230 3653 fide
262 3578 432 3682 dignum,
465 3581 674 3684 probatum.
716 3581 770 3680 2.)
807 3582 959 3658 Nullum
987 3598 1131 3684 praesto
1170 3607 1246 3658 esse

43 3684 47 3690 ’
158 3684 440 3782 documentum,
477 3687 580 3790 quod
608 3691 836 3765 contrarium
854 3692 1014 3764 evincat:
1051 3689 1132 3762 Imo
1155 3713 1246 3765 vero

158 3790 261 3887 adest
274 3793 491 3897 multiplex:
532 3794 701 3899 Diploma
717 3792 963 3898 Sigismundi,
990 3812 1150 3869 castrum
1167 3797 1247 3870 Hu-

160 3897 259 3997 nyad
279 3914 429 3973 strenuo
454 3901 556 3975 militi
574 3902 676 3976 aulae
698 3928 782 3977 suae
801 3903 920 3994 Voik,
958 3903 1056 4003 patri
1076 3903 1244 3992 loannis,

162 4028 259 4075 anno
293 4007 406 4093 1409.
434 4005 667 4085 conferentis.
706 4011 889 4103 Consonat
911 4006 1123 4083 chronicon
1146 3988 1250 4081 ‘rhu
