2708 4568
115 348 118 353 -
205 299 282 373 12⁶

610 544 613 550 ·
678 525 809 601 XLVI.

228 667 232 696 ³
271 684 458 774 ,Joannes
477 677 522 752 de
536 677 715 780 Hunyad,
743 675 907 752 Vaivoda
932 676 1210 775 Transilvanus,
1234 680 1294 757 Si·

208 788 375 864 culorum
395 788 544 879 Comes,
569 787 816 860 'Comitatu'um
835 782 981 857 Zolnol
1000 801 1036 859 et
1055 786 1183 862 Temes
1210 817 1294 865 rur-

207 893 441 986 suscomes,
477 916 741 994 supremusque
773 917 957 964 armorum
984 892 1220 994 Capitaneus,
1256 912 1293 972 et

207 1003 295 1096 Dua
315 1000 461 1073 militiae
480 997 765 1072 christianissimi
784 999 880 1099 regis
897 998 1102 1099 Hungariae
1121 999 1293 1093 (Pancra-

209 1098 300 1180 tium
329 1105 374 1181 de
398 1103 599 1195 Zatolcha,
628 1104 862 1207 capitaneum
889 1104 1093 1176 iuramento
1120 1105 1192 1179 sibi
1217 1106 1292 1182 sra-

210 1230 360 1294 tremet
388 1212 544 1284 amicum
573 1207 749 1312 adoptat).
789 1211 925 1282 Datum
944 1209 980 1280 in
1002 1209 1214 1304 Temesva'tr,
1236 1241 1293 1289 se·

209 1319 331 1395 cundo
352 1317 411 1393 die
431 1317 515 1392 festi
533 1319 575 1390 Β.
599 1317 785 1390 Laurentii
803 1311 986 1416 Martyris.
1012 1317 1120 1389 Anno
1138 1319 1290 1394 Domini

209 1421 564 1535 Mccocxnvm„
857 1502 860 1509 ,
981 1518 983 1522 ⁴

176 1570 180 1576 ’
228 1591 231 1595 ·
252 1560 341 1652 ipat
359 1565 511 1681 mprtnay
532 1560 961 1650 uuag‚ntpt.r.1.p.‚119.
1025 1597 1028 1602 ·

670 1781 823 1886 xnvn

210 1934 341 1993 hannis
360 1927 551 2011 deHnnyad
575 1932 719 2006 victoriis,
738 1933 771 1988 in
792 1931 1050 2041 campo'Koaeovo
1070 1952 1124 1994 eeu
1153 1935 1290 1996 merula-

305 2055 377 2097 rum
393 2037 519 2110 omia-sa,
538 2033 649 2092 relatio
668 2043 697 2092 et
714 2035 814 2091 animi
830 2037 1015 2096 constantiis:
1037 2037 1097 2095 An.
1114 2032 1207 2102 1448.

133 2213 136 2217 ·
244 2218 246 2227 Δ
325 2175 554 2282 Venerabilis
579 2174 705 2268 Pater,
734 2176 860 2250 Frater
882 2173 990 2250 nobis
1016 2176 1167 2254 dilecte!
1205 2183 1289 2272 Quo

119 2354 126 2362 .
210 2302 319 2390 pacto
341 2299 510 2359 eventum
528 2308 651 2356 rerum
669 2297 877 2361 nostrarum
901 2283 1050 2380 tuleris,
1076 2284 1181 2384 facile
1200 2314 1290 2362 con·

211 2395 364 2483 iicimus,
381 2387 683 2491 quandoquidem
700 2411 757 2459 eas
778 2387 893 2462 multo
904 2390 1003 2490 prius
1015 2407 1133 2495 gestas
1151 2391 1289 2487 audire,

33 2522 36 2528 ·
129 2553 132 2558 .
210 2525 319 2604 quam
338 2492 512 2599 gerendas
532 2504 658 2567 orator
680 2494 756 2593 ipse
777 2497 949 2569 nunciare
968 2499 1133 2598 potuisti3
1150 2522 1289 2573 'verum

98 2620 103 2626 '
210 2629 257 2681 ne
275 2603 366 2676 varii
384 2601 566 2690 rumoris,
595 2617 635 2672 ut
659 2595 716 2688 fit,
745 2617 781 2675 te
802 2601 989 2677 involucra
1004 2618 1167 2697 teneant,
1195 2629 1288 2678 neve

208 2710 290 2813 plus
320 2706 494 2806 temporis
519 2706 743 2799 turbationi,
773 2735 882 2811 quam
910 2706 1180 2807 commendatae
1200 2735 1317 2810 ope--

209 2842 269 2892 rae
294 2808 568 2903 accommodes,
580 2812 727 2913 placuit,
744 2833 784 2888 ut
802 2815 927 2890 saltem
939 2800 985 2891 de
1001 2813 1122 2891 reditu
1141 2832 1285 2909 nostr0,

209 2948 252 2996 ac
277 2920 400 3024 paucis
426 2916 582 3021 desuper
609 2920 854 3010 avisamentis,
892 2937 929 2996 te
953 2940 1138 3022 utcunque
1154 2925 1286 2996 solare·

187 3032 189 3037 ’
209 3055 311 3118 mur,
339 3023 472 3126 quibus
486 3024 664 3126 imprimis
683 3029 819 3100 certior
833 3024 927 3119 fias,
942 3024 1009 3108 hac
1025 3030 1106 3104 vice
1124 3055 1194 3104 nos
1208 3027 1286 3102 for-

203 3151 318 3215 tunae
332 3131 463 3232 magis,
489 3157 598 3231 quam
614 3130 725 3232 animi
739 3135 962 3234 possessione
977 3135 1135 3229 exutos,
1150 3135 1190 3208 in
1206 3161 1288 3210 cae-

209 3242 314 3332 teris,
345 3263 438 3339 quae
464 3239 557 3337 passi
582 3262 721 3327 sumus,
759 3237 899 3332 divino,
920 3265 1010 3318 non
1036 3238 1195 3318 humano
1218 3241 1284 3316 ssa-

208 3347 323 3449 gello,
353 3343 524 3445 gloriam,
553 3341 767 3441 laudemque
791 3343 994 3421 tribuimus.
1021 3345 1143 3420 Pridie
1159 3351 1287 3452 penul·

66 3449 72 3459 ’
143 3549 145 3553 ¹
208 3454 330 3546 timum
354 3444 577 3554 Septembris
614 3447 667 3524 ab?
686 3449 877 3545 Danubio,
906 3466 944 3525 te
969 3450 1134 3545 vidente,
1170 3472 1287 3531 castra

207 3575 306 3633 mota
330 3555 444 3631 fuere.
466 3554 578 3627 item
598 3551 728 3640 deinde
753 3572 790 3630 et
809 3559 999 3657 provisum
1025 3557 1071 3634 de
1095 3547 1286 3656 omnibus,
1323 3653 1326 3660 Ι

107 3704 111 3711 -
206 3662 352 3743 demum
369 3678 442 3741 tam
457 3657 684 3755 celeriterxin
701 3658 844 3736 hostem
861 3681 1009 3762 ventum
1026 3682 1099 3759 est,
1128 3684 1169 3741 ut
1185 3671 1286 3770 prius

99 3804 102 3810 ·
205 3767 394 3873 perficere,
409 3793 520 3868 quam
534 3766 668 3839 sentire
684 3766 850 3844 laborem
868 3769 1074 3873 videremur
1083 3801 1095 3864 3
1117 3771 1287 3850 laborem

165 3942 168 3953 .
205 3877 284 3966 viae
309 3872 480 3964 dicimus,
508 3897 584 3947 non
609 3898 771 3976 pugnae,
800 3903 884 3951 nam
903 3874 949 3950 de
973 3881 1179 3953 constantia
1197 3910 1286 3986 puge

206 4007 292 4089 nne,
319 3995 357 4056 et
372 3979 440 4081 ipsi
454 3977 603 4057 hostiles
621 3979 721 4055 oculi
736 3979 906 4059 confiteri
923 3996 1117 4086 poterunt,
1136 3987 1199 4063 vix
1220 4015 1286 4065 un·
