2708 4568
1092 290 1142 366 ⁴⁷

47 507 240 605 laudatur,
278 523 415 583 mames
443 505 602 582 iustitiae
630 505 766 583 colitur
794 522 842 581 et·
856 506 1060 610 respublica
1088 508 1146 585 fo-

45 632 183 710 vetur,
208 631 302 689 turm
317 612 427 689 etiam
441 612 561 687 Βουιιι
579 613 649 687 rite
665 611 813 687 laudare
828 630 866 688 et
881 617 959 689 eius
974 615 1148 691 iustitiam

48 721 180 799 colere
194 738 235 797 et
257 716 526 825 rempublicam
540 716 739 794 confovere
756 717 935 815 videmur,
953 747 1040 796 cum
1058 724 1152 825 prae·

52 828 211 904 caeteris
229 828 367 902 nostris
385 823 589 901 actionibus
604 823 785 900 salubrius
798 827 968 902 ecclesias
976 827 1048 903 Dei
1066 829 1146 934 glo·

22 958 26 969 ·
53 936 148 1011 riosi
165 951 204 1009 et
220 931 484 1011 venerabilium
499 931 722 1009 Sanctorum
737 956 908 1026 suorum,
935 933 1032 1008 unde
1050 934 1147 1011 salus
1268 928 1271 936 ’

53 1042 229 1117 omnium
251 1037 399 1133 defluit,
431 1039 532 1115 iuxta
557 1039 676 1114 nostri
697 1033 848 1112 honoris
873 1054 913 1113 et
937 1038 1051 1116 officii
1069 1043 1148 1115 exi·

52 1148 220 1253 gentiam
240 1144 500 1239 confovemus,
530 1169 572 1218 ac
596 1144 635 1216 in
652 1143 731 1218 suis
752 1143 894 1220 iuribus
914 1161 952 1220 et
969 1145 1147 1223 libertati·
1216 1146 1220 1153 '

54 1256 128 1329 hus
148 1272 417 1340 conservamus,
433 1248 481 1322 ad
501 1273 597 1352 quae
608 1247 798 1324 allicienda
815 1275 862 1324 ex
880 1251 1028 1354 speciali
1047 1279 1148 1327 men·

54 1352 106 1436 tis
127 1374 277 1433 nostrae
298 1355 484 1433 desiderio
510 1357 570 1457 pia
593 1353 906 1450 consideratione,
944 1358 1030 1435 totis
1050 1360 1147 1434 viri·
1265 1354 1269 1359 ’

56 1467 130 1541 hus
149 1460 381 1557 anhelamus,
405 1480 447 1535 ut
467 1487 561 1564 quae
580 1486 647 1564 per
663 1460 825 1536 fructum
842 1460 934 1538 boni
954 1466 1076 1569 operis
1096 1489 1150 1539 se·

12 1644 20 1655 ,
56 1575 241 1649 minumus
271 1571 309 1644 in
336 1569 465 1661 terris,
498 1593 584 1641 cum
613 1567 857 1672 multiplicato
883 1569 1007 1646 fructu
1030 1571 1150 1648 recol·

57 1682 177 1783 ligere
194 1677 376 1777 valeamus
392 1677 430 1749 in
449 1673 574 1749 coelis.
610 1673 708 1771 Hinc
726 1688 800 1768 est,
826 1675 931 1778 qiaod
948 1669 1161 1752 honorabi-'

58 1787 112 1862 lea
126 1783 281 1859 Domini
296 1782 478 1883 Georgius
495 1782 653 1873 Cantor,
678 1777 846 1856 Andreas
861 1781 1151 1861 Archidiaconus

60 1892 109 1967 de
135 1886 278 1993 Telegd
312 1904 350 1962 et
373 1887 551 1962 Antonius
578 1884 723 1961 Siculus
748 1887 937 1982 Decanus,
973 1891 1151 1966 Canonici
1285 1910 1292 1925 '

62 1996 185 2073 dictae
199 1994 382 2071 Ecclesiae
400 1992 678 2087 Transilvanae,
705 2007 780 2064 tam
801 2018 847 2065 ex
864 2010 968 2094 parte
986 1997 1151 2097 ipsorum

63 2128 178 2207 mum
215 2098 346 2175 aliorm
368 2099 641 2174 canonicorum
671 2097 836 2198 ipsorum
862 2115 900 2173 et
925 2124 994 2200 per
1019 2126 1153 2178 conse-
1219 2156 1222 2165 .

64 2233 188 2312 quens·
197 2207 380 2283 Ecclesiae
400 2205 565 2307 ipsorum
583 2200 798 2279 cathedralis
810 2202 855 2291 B.
872 2201 1061 2280 Michaelis
1077 2208 1151 2281 Ar·

12 2360 17 2375 ·
66 2313 232 2419 changeli
258 2311 428 2389 Albensis
453 2311 731 2404 Tranailvanae,
769 2308 858 2384 dum
879 2335 947 2385 nos
974 2309 1066 2386 feria
1088 2311 1151 2413 lv,

17 2408 21 2415 ¹
64 2459 120 2480 -
154 2456 212 2479 ·-·
241 2461 296 2477 -
335 2415 549 2519 disponente
580 2418 746 2491 Domino
773 2417 814 2490 in
838 2414 977 2522 oppido
999 2410 1152 2495 Thorda
1247 2430 1250 2439 '

65 2527 260 2602 finissemus
288 2525 499 2616 constituti,
537 2539 699 2598 nostram
716 2525 902 2599 venientes
925 2526 962 2597 in
981 2552 1153 2628 praesen·

9 2704 11 2735 ;
66 2634 188 2727 tiam,
206 2630 314 2706 nohis
333 2654 516 2734 exponere
536 2645 575 2703 et
592 2627 779 2705 declarare
796 2648 1036 2725 curaverunt,
1057 2659 1152 2736 quo·

9 2748 11 2759 '
67 2736 184 2814 modo
210 2735 389 2842 praedicti
403 2736 554 2811 Domini
574 2732 621 2808 de
638 2737 805 2838 Capiuslo
825 2753 863 2811 et
882 2756 1151 2840 consequenter

68 2845 231 2921 Ecclesia
258 2846 421 2946 ipsorum
440 2857 682 2943 praenotata,
696 2842 796 2916 circa
818 2840 991 2942 quasdam
1009 2869 1152 2944 posses·

68 2954 190 3027 aiones
214 2949 385 3024 videlicet
410 2945 560 3053 Bolgir,
581 2942 761 3048 Gsergcd,
787 2948 933 3020 Diomal
951 2963 990 3021 et
1007 2951 1150 3043 Tinod,

68 3058 107 3132 in
125 3057 311 3133 Comitatu
328 3052 477 3131 Albensi
497 3056 711 3144 eiiistentes,
730 3067 856 3124 nostre
871 3077 938 3151 per
960 3055 1150 3129 decessum

71 3161 258 3265 quondam
281 3158 488 3253 Michaelis,
523 3156 588 3233 filii
605 3155 762 3231 Ladislai
795 3154 841 3232 de
856 3154 998 3262 Diogh,
1038 3159 1151 3235 dona·

22 3294 25 3299 '
71 3269 164 3343 tioni
176 3294 243 3344 seu
259 3266 446 3343 collationi
464 3264 630 3367 reginalis
650 3263 864 3357 Maiestatis,
887 3288 957 3337 nec
976 3289 1053 3338 non
1068 3267 1153 3340 illu·

71 3375 238 3468 amisumi
261 3372 442 3474 Principis
456 3373 566 3445 Dom.
586 3369 775 3446 Wladislai
798 3369 907 3474 Regis
923 3370 1129 3472 Hungariae
1138 3429 1150 3466 ,

70 3478 248 3557 Poloniae
274 3496 313 3575 et
338 3477 488 3554 Domini
514 3476 632 3551 nostri
656 3476 928 3582 gratiosissimi,
957 3474 1003 3549 ad
1024 3501 1151 3555 manus

71 3601 217 3663 nostras
239 3617 296 3691 -ς
318 3615 374 3641 *-
395 3616 452 3647 *-
484 3584 696 3677 existentes‚
723 3581 770 3657 ab
795 3581 954 3688 antiquis
972 3587 1150 3686 tempori-

16 3756 24 3773 .
72 3690 154 3786 bias,
180 3692 348 3794 plenum,
366 3686 497 3764 efficax
510 3690 567 3763 ius
584 3684 812 3783 habuissent,
837 3706 876 3764 et
899 3684 1080 3765 haberent
1103 3689 1151 3765 de

72 3798 267 3901 praesenti.
293 3795 415 3901 Super
432 3793 565 3899 qaaibus
580 3793 718 3871 ibidem
736 3811 774 3868 et
796 3797 835 3868 in
854 3793 1056 3871 continenti
1072 3822 1151 3873 cer

75 3919 128 3978 tas
145 3903 284 3979 litteras
308 3927 352 3977 ac
366 3901 550 4006 privilegia
572 3897 868 3978 nobis'exlu'beti
909 3918 1161 3997 rocurarunt,

18 4084 21 4089 .
73 4005 323 4115 applicarunt
344 4009 466 4112 itaque
489 4005 619 4099 nobis,
645 4020 688 4082 ut
706 4031 773 4082 nos
790 4033 835 4110 pr
904 4006 913 4022 ‘
1007 4028 1152 4110 posses-
1299 4094 1305 4101 ,
