2708 4568
975 356 980 365 .
1097 268 1175 374 usa

85 507 279 581 maximam
308 508 515 609 comparuit
535 504 586 579 ab
614 504 770 583 Ardalio
797 523 836 583 et
854 510 1051 585 Pannonia.
1093 513 1176 588 Hoc

85 616 282 691 instructus
300 612 523 716 sequebatur
540 638 609 715 per
627 615 805 688 montium
825 614 935 689 saltus
952 614 1177 693 Sabatinem.

86 718 295 812 Sabatines,
323 746 437 821 quum
455 720 529 794 iam
553 720 593 791 in
610 716 734 795 hostili
753 724 903 825 regione
921 722 1041 816 foret,
1069 743 1178 828 puta-

85 824 169 920 bat,
193 852 266 929 ¹res
287 852 370 899 suas
389 826 576 930 praeclare
604 821 810 920 habituras,
839 829 869 900 si
890 827 1050 904 bostium
1070 858 1177 937 agros

86 948 272 1008 evastaret
310 934 485 1007 Emittcns
504 933 630 1032 itaque
650 933 855 1031 equitatum
876 960 1023 1011 omnem
1043 957 1080 1013 et
1101 966 1177 1015 nm·

85 1041 223 1114 ‘ximam
244 1042 426 1113 exercitus
445 1052 587 1140 partem
608 1040 646 1110 in
666 1035 824 1113 bostium
841 1044 1053 1143 regionem,
1072 1073 1177 1148 prae·

87 1145 151 1219 das
172 1169 280 1247 agere
301 1143 469 1235 volebat,
499 1146 602 1247 quasi
622 1142 706 1218 binc
719 1146 928 1247 plurimum
949 1151 1023 1225 suis
1043 1152 1178 1253 opibus

86 1250 260 1326 accedere
278 1266 413 1355 posset.
439 1251 654 1327 Paucissimi
677 1277 767 1325 vero
790 1254 984 1329 manebant
1005 1281 1090 1332 cum
1107 1259 1177 1336 Sa·
1277 1268 1282 1275 '

88 1356 211 1433 batine
228 1354 430 1451 incastris.
465 1358 620 1452 dancus,
658 1373 701 1432 ut
724 1362 927 1461 comperit,
966 1380 1086 1438 castra
1108 1364 1176 1441 b'o-

85 1464 201 1538 stium·
216 1490 337 1568 poene
359 1490 437 1539 esse
461 1462 622 1556 deserta,
658 1467 889 1569 praeclarum
910 1466 1049 1545 facinus
1072 1490 1176 1574 puta·

84 1569 168 1664 bat,
197 1574 228 1646 si
248 1569 450 1663 accedens,
473 1572 680 1674 inopinatus
702 1590 817 1646 castra
837 1578 1073 1676 opprimeret.
1101 1580 1177 1654 De·

84 1675 262 1752 scandens
286 1680 410 1778 itaque
432 1702 517 1751 cum
545 1676 616 1750 suis
640 1701 686 1748 ex
707 1694 851 1771 monte,
881 1683 1021 1783 impetu
1038 1685 1178 1760 invadit

84 1782 265 1859 Sabatinis
288 1800 426 1873 castra,
454 1778 729 1855 defensionibus
748 1807 871 1857 vacua.
900 1784 1090 1864 Sabatines
1111 1817 1175 1866 ex·

73 1891 137 1967 ‚ire
155 1890 291 1981 eastris,
309 1904 352 1961 ut
370 1887 497 1988 praelii
516 1902 733 1987 potestatem
754 1887 906 1982 faceret,
924 1918 999 1966 non
1018 1913 1176 1998 poterat.

81 1992 244 2071 Proinde
264 1994 310 2065 ad
332 2007 447 2068 castra
475 1984 700 2066 defendenda
730 1996 978 2091 convertitur,
1006 2028 1100 2101 quae
1122 2020 1175 2077 ta·

81 2128 167 2176 men
187 2103 348 2175 retinere
370 2099 554 2200 nequivit,
586 2104 701 2200 quum
731 2102 912 2175 violenter
929 2104 1065 2210 Jangus
1089 2134 1180 2185 cum·

80 2206 318 2282 Pannonihus
347 2207 578 2307 irrumperet.
621 2204 685 2280 Ad
716 2204 838 2309 fugam
868 2210 992 2310 itaque
1021 2214 1174 2289 inclinat

80 2315 204 2389 animo
235 2329 338 2405 toto,
371 2310 657 2413 sustinebatque,
689 2316 846 2386 maxima
872 2341 957 2388 usus
985 2320 1171 2407 celeritate

79 2422 235 2495 transire
252 2422 398 2512 Istrum,
413 2434 609 2519 antequam
632 2421 789 2491 transitu
809 2419 856 2493 ab
876 2419 1037 2498 hostibus
1060 2430 1171 2501 inter·

79 2524 291 2602 cluderetur
305 2526 452 2629 hugus,
473 2526 589 2627 captis
613 2528 751 2616 castris,
765 2526 952 2628 ‘quosdam
973 2532 1012 2603 in
1034 2532 1169 2607 insidiis

79 2633 191 2727 locat,
207 2632 342 2735 quibus
363 2634 551 2732 exciperet
571 2628 692 2705 hostes
707 2631 879 2708 adversus
900 2640 1168 2741 mancipiorum

78 2739 277 2814 aliarumve
286 2764 410 2813 rerum
416 2737 551 2842 praeda
560 2756 723 2830 onustos
738 2766 940 2842 omnesque
953 2744 1163 2821 conficeret.

76 2847 126 2921 Et
134 2848 174 2919 in
193 2844 291 2920 hunc
302 2844 452 2920 modum
472 2846 626 2918 maxima
643 2842 783 2918 hostilis
803 2851 984 2922 exercitus
993 2879 1079 2956 pars
1097 2856 1165 2926 mi·

76 2950 280 3027 serabiliter
296 2952 436 3026 interiit
443 2979 454 3045 ;
480 2950 687 3055 Jangusque
711 2952 904 3026 victoriam
922 2956 991 3045 sibi
1020 2962 1166 3058 peperit
1222 3004 1225 3009 ·
1330 2988 1338 2999 ·

76 3057 340 3153 celebriorem,
377 3083 487 3158 quam
502 3057 616 3130 ullam
640 3082 800 3158 unquam
819 3061 898 3133 eius
919 3076 1164 3143 antecessores

74 3165 305 3240 invenerint“
324 3162 377 3269 (p.
399 3160 513 3264 trs).
544 3163 672 3256 „Haeo
698 3163 852 3239 victoria
869 3165 1083 3242 Pannonum
1102 3196 1163 3247 res

74 3274 193 3347 erexit
220 3272 259 3344 in
283 3274 476 3373 pristinum
503 3284 653 3362 statum,
690 3294 736 3344 ex
765 3295 841 3370 quo
868 3296 965 3345 enim
992 3290 1160 3378 tempore

71 3378 239 3453 Paisizitis
269 3379 455 3480 auspiciis,
485 3374 674 3479 ductuque
687 3366 801 3450 Tuici
819 3402 944 3481 regem
959 3378 1159 3481 Sigismun·

72 3483 163 3560 dum
188 3488 226 3559 in
245 3482 368 3586 fugam
390 3498 599 3575 verterunt,
635 3479 732 3557 haud
764 3500 951 3557 cessarunt
977 3490 1090 3562 Turci
1119 3493 1159 3563 in

71 3592 298 3667 Pannoniam
315 3593 551 3666 excursiones
569 3586 709 3683 facere3
728 3588 957 3694 plurimaque
979 3592 1066 3667 inde
1092 3596 1157 3669 ab·

71 3694 257 3773 duxerunt
282 3698 480 3799 mancipia,
517 3691 652 3797 quibus
674 3696 801 3769 Asiam
827 3714 862 3767 et
880 3700 1067 3802 Europam
1090 3728 1157 3776 re·
1254 3698 1264 3709 ⁸

70 3802 227 3907 plevere.
247 3844 299 3858 ·-
326 3801 402 3878 Vbi
419 3820 539 3877 autem
556 3803 692 3906 Jangus
710 3801 857 3875 advenit
873 3804 911 3875 in
931 3806 1077 3879 Ardelii·
1095 3834 1155 3883 re

67 3910 227 4013 gionem,
236 3911 410 4013 Princeps
426 3908 631 3984 declaratus
645 3909 830 3983 communi
839 3908 1053 3987 Pannonum
1063 3938 1158 3988 con-·

67 4015 172 4113 cilio,
198 4016 470 4095 Sabatinem·et
487 4016 629 4093 Tuscos
656 4032 757 4118 terga
783 4012 871 4095 dare
895 4021 1028 4123 coegit.
1055 4019 1178 4097 Hinc'

78 4120 382 4229 ··11nuyadiana'
439 4154 445 4167 ·
514 4158 529 4183 ·
670 4162 673 4167 ·
909 4128 957 4198 18
1080 4136 1089 4145 “
1120 4142 1123 4147 ’
