2708 4568
126 319 200 388 100
227 320 229 322 ’

120 529 256 632 quibus
285 529 353 628 ipsi
379 548 499 597 sacrae
525 519 625 622 regni
650 511 854 625 Hungariae
881 545 1061 614 coronae,
1090 535 1200 596 etex

92 627 94 632 ¹
118 652 205 740 post
218 632 324 707 nobis
340 632 386 702 ‘in
406 628 588 728 plerisque
601 641 681 698 tam
697 627 891 727 regalium,
921 652 1029 726 qurm
1046 643 1198 699 nostro·

73 787 78 807 .
117 770 201 815 rum
236 737 482 827 exercituum,
517 750 596 804 tum
623 748 751 805 contra
782 735 1004 807 saevissimos
1032 735 1205 827 Tuscos,

17 841 22 849 ⁴
118 873 228 950 quam
251 843 463 945 Hungariae
484 840 587 940 regni
612 840 779 913 notorios
803 841 961 912 aemulos
988 839 1097 942 plera·
1114 842 1198 914 vice

109 970 322 1042 motorum,
358 943 673 1050 expeditionibus,
707 970 784 1016 non
807 944 992 1046 parcendo
1012 947 1197 1045 personis,

4 1075 7 1078 ’
48 1071 58 1084 ‘
93 1085 159 1132 ac
185 1057 294 1131 rebus
322 1053 451 1128 eorum
468 1077 561 1123 cum
593 1049 842 1124 immoderata
860 1053 1040 1154 sanguinis
1066 1078 1197 1126 eorum

52 1164 59 1183 '
97 1165 291 1239 effusione
329 1159 545 1234 studuerunt
577 1156 817 1255 complacere.
863 1158 999 1231 Intuitu
1033 1183 1196 1260 quorum

113 1271 276 1345 volentes
296 1267 380 1368 ipsis
403 1262 764 1339 nostramexhibere
789 1263 1080 1339 benevolentiam
1096 1264 1196 1338 favo·

93 1402 254 1465 rosam,
273 1373 537 1474 possessionem
556 1368 752 1444 Chonokos
771 1370 995 1474 praedictam
1013 1387 1193 1465 vocatam,

112 1483 151 1556 in
170 1484 355 1555 Comitatu
376 1478 420 1552 de
436 1475 595 1575 Hunyad
621 1494 853 1578 praenotata,
881 1479 918 1549 in
939 1477 1105 1551 districtu
1122 1481 1193 1550 Ha-

56 1669 58 1672 .
112 1615 196 1691 czeg
221 1588 399 1660 existente
422 1581 598 1674 habitam,
638 1585 675 1654 in
690 1583 796 1658 cuius
815 1581 979 1657 dominio
1009 1583 1192 1688 praefatus

108 1695 213 1771 Daan
238 1716 342 1779 more
370 1691 585 1762 Kenesiatus
613 1686 798 1789 hucusque
833 1694 1069 1790 perstitisset,
1104 1693 1193 1765 item

110 1815 229 1899 totum
250 1813 287 1870 et
304 1821 411 1896 omne
428 1794 483 1868 ius
507 1795 631 1896 regni,
665 1795 696 1867 si
718 1795 824 1895 quod¹
837 1801 874 1868 in
891 1797 1024 1872 eadem
1039 1816 1189 1900 'posses-

108 1906 211 1980 sione
231 1897 426 1976 Chon'o'io's
442 1901 743 2002 quaiitercunque
768 1905 867 2005 regia
884 1903 1035 1977 haberet
1055 1904 1190 1978 sereni·

85 2004 161 2095 ¹'tas'
190 2025 251 2083 aut
278 2005 557 2110 quibdscunque
586 2006 709 2081 modis
744 2028 781 2082 et
815 2009 1020 2084 rationibus
1051 2037 1190 2084 sacram

92 2115 270 2191 eiusdem
300 2128 541 2188 concerneret
563 2139 759 2208 coronam,
798 2118 906 2190 simul
944 2141 1027 2189 cum
1049 2117 1191 2190 ‘cunctis

88 2221 269 2296 ‚eiusdem
289 2221 455 2319 etipsius
470 2219 688 2324 utditatibus
703 2262 753 2273 -
771 2220 819 2294 ad
846 2221 998 2296 eandem
1022 2241 1059 2295 et
1074 2225 1191 2324 ipsum

105 2329 162 2404 ius
178 2329 318 2430 regium
338 2324 385 2398 de
406 2327 485 2400 iure
500 2327 767 2426 spectantibus,
798 2346 834 2401 et
850 2323 1032 2431 p'ertinere
1054 2328 1188 2404 deben-

106 2434 225 2524 tibus,
252 2431 320 2510 sub
339 2433 449 2532 ipsius
467 2434 561 2506 veris
578 2434 682 2505 metis
708 2450 744 2505 et
768 2436 941 2536 antiquis,
970 2434 1090 2530 eidem
1108 2439 1190 2509 Dan

108 2567 149 2615 ac
176 2541 254 2612 aliis
281 2538 530 2638 praescriptis,
565 2540 800 2639 ipsorumque
828 2539 1043 2615 haeredibus
1066 2561 1104 2615 et
1123 2569 1190 2644 po·

107 2642 330 2720 steritatibus
357 2642 551 2733 universis,
589 2647 802 2719 auctoritate
832 2643 980 2720 nostrae
1008 2645 1188 2749 guberna·

107 2751 236 2847 tionis,
273 2773 342 2821 nec
370 2773 446 2818 non
464 2767 705 2839 consensnet
727 2754 914 2827 voluntate
935 2753 1187 2830 universorum

47 2935 50 2940 ,
79 2879 82 2883 ’
107 2854 341 2930 dominorum
358 2852 604 2951 praelatorum
624 2873 660 2927 et
676 2848 856 2933 baronum
873 2857 919 2930 ad
936 2857 976 2930 id
993 2860 1187 2950 accedente

102 2953 484 3052 sentententiam,
503 2958 716 3038 donavimus
735 2965 772 3039 et
793 2958 1025 3040 contutimus.
1058 3011 1111 3028 -
1136 3002 1188 3020 -

107 3069 191 3142 uas.
207 3069 246 3140 in
262 3061 457 3140 remensa
484 3067 523 3139 a
539 3054 878 3148 festinationis·
895 3058 1068 3172 osam,
1092 3098 1189 3148 anno

105 3173 267 3253 ciusdem
284 3171 598 3275 Mccccxtvtt.
1096 3180 1100 3192 '
1182 3217 1184 3222 ·

22 3356 24 3361 -
122 3309 173 3427 [a
187 3315 277 3384 uss.
296 3314 527 3385 corsitanus.
647 3305 649 3308 ’

74 3688 76 3691 ·
103 3658 294 3746 loannessde
312 3654 459 3749 Hunyad
477 3687 547 3728 cum
563 3650 704 3728 statum
727 3679 755 3728 et
772 3660 944 3730 Ordinibus
962 3672 1053 3753 regni
1072 3682 1186 3733 contra

113 3834 115 3838 ,
154 3763 157 3768 ’
199 3767 356 3831 Friderici
372 3771 576 3853 Imperatoris
599 3765 746 3829 duritiem
769 3754 896 3848 Polonis
921 3773 1119 3854 queruletur.
1147 3806 1191 3822 -·

200 3872 370 3937 An.1447.

2 4084 6 4098 ,
179 3991 545 4090 'Reverendissimis,
580 3992 861 4096 reverendisque
878 3972 930 4068 in
951 3977 1097 4070 Christo
1122 4022 1186 4098 pa.

1180 4380 1244 4527 b
