<?xml version="1.0" encoding="UTF-8"?>
<!DOCTYPE html PUBLIC "-//W3C//DTD XHTML 1.0 Transitional//EN"
    "http://www.w3.org/TR/xhtml1/DTD/xhtml1-transitional.dtd">
<html xmlns="http://www.w3.org/1999/xhtml" xml:lang="en" lang="en">
 <head>
  <title>
</title>
<meta http-equiv="Content-Type" content="text/html;charset=utf-8" />
  <meta name='ocr-system' content='tesseract 3.04.00' />
  <meta name='ocr-capabilities' content='ocr_page ocr_carea ocr_par ocr_line ocrx_word'/>
</head>
<body>
  <div class='ocr_page' id='page_1' title='image "./genusincunabula00fejgoog_0087.png"; bbox 0 0 2708 4568; ppageno 0'>
   <div class='ocr_carea' id='block_1_1' title="bbox 18 254 366 378">
    <p class='ocr_par' dir='ltr' id='par_1_1' title="bbox 18 254 366 378">
     <span class='ocr_line' id='line_1_1' title="bbox 18 254 366 378; baseline 0 -1"><span class='ocrx_word' id='word_1_1' title='bbox 18 254 366 378; x_wconf 70' lang='lat' dir='ltr'><strong>-ss&#39;&#39;</strong></span> 
     </span>
    </p>
   </div>
   <div class='ocr_carea' id='block_1_2' title="bbox 49 499 1268 3370">
    <p class='ocr_par' dir='ltr' id='par_1_2' title="bbox 123 499 1240 915">
     <span class='ocr_line' id='line_1_2' title="bbox 160 499 1240 610; baseline -0.006 -27"><span class='ocrx_word' id='word_1_2' title='bbox 160 502 318 584; x_wconf 79' lang='lat' dir='ltr'><strong>condam</strong></span> <span class='ocrx_word' id='word_1_3' title='bbox 344 504 492 578; x_wconf 85' lang='lat' dir='ltr'><strong>Domini</strong></span> <span class='ocrx_word' id='word_1_4' title='bbox 523 504 641 577; x_wconf 89' lang='lat' dir='ltr'><strong>nostri</strong></span> <span class='ocrx_word' id='word_1_5' title='bbox 664 499 809 576; x_wconf 77' lang='lat' dir='ltr'><strong>Atheni</strong></span> <span class='ocrx_word' id='word_1_6' title='bbox 837 502 931 604; x_wconf 79' lang='lat' dir='ltr'><strong>regiis</strong></span> <span class='ocrx_word' id='word_1_7' title='bbox 950 502 1181 610; x_wconf 77' lang='lat' dir='ltr'><strong>Hungs&#39;rise,</strong></span> <span class='ocrx_word' id='word_1_8' title='bbox 1208 502 1240 577; x_wconf 90' lang='lat' dir='ltr'><strong>si</strong></span> 
     </span>
     <span class='ocr_line' id='line_1_3' title="bbox 123 607 1238 714; baseline -0.004 -27"><span class='ocrx_word' id='word_1_9' title='bbox 123 637 125 641; x_wconf 85' lang='lat'>·</span> <span class='ocrx_word' id='word_1_10' title='bbox 160 613 252 688; x_wconf 90' lang='lat' dir='ltr'><strong>etin</strong></span> <span class='ocrx_word' id='word_1_11' title='bbox 271 636 369 702; x_wconf 78' lang='lat' dir='ltr'><strong>essu,</strong></span> <span class='ocrx_word' id='word_1_12' title='bbox 390 635 466 711; x_wconf 92' lang='lat' dir='ltr'><strong>quo</strong></span> <span class='ocrx_word' id='word_1_13' title='bbox 485 607 591 684; x_wconf 88' lang='lat' dir='ltr'><strong>nobis</strong></span> <span class='ocrx_word' id='word_1_14' title='bbox 612 608 782 682; x_wconf 89' lang='lat' dir='ltr'><strong>eumdem</strong></span> <span class='ocrx_word' id='word_1_15' title='bbox 802 633 887 682; x_wconf 88' lang='lat' dir='ltr'><strong>cum</strong></span> <span class='ocrx_word' id='word_1_16' title='bbox 904 633 1005 682; x_wconf 82' lang='lat' dir='ltr'><strong>socru</strong></span> <span class='ocrx_word' id='word_1_17' title='bbox 1021 611 1238 714; x_wconf 84' lang='lat' dir='ltr'><strong>regniHun·</strong></span> 
     </span>
     <span class='ocr_line' id='line_1_4' title="bbox 135 713 1238 822; baseline 0 -30"><span class='ocrx_word' id='word_1_18' title='bbox 135 719 280 822; x_wconf 60' lang='lat' dir='ltr'><strong>:garine</strong></span> <span class='ocrx_word' id='word_1_19' title='bbox 309 741 467 809; x_wconf 82' lang='lat' dir='ltr'><strong>corona,</strong></span> <span class='ocrx_word' id='word_1_20' title='bbox 502 717 691 789; x_wconf 79' lang='lat' dir='ltr'><strong>restituere</strong></span> <span class='ocrx_word' id='word_1_21' title='bbox 719 729 757 788; x_wconf 87' lang='lat' dir='ltr'><strong>et</strong></span> <span class='ocrx_word' id='word_1_22' title='bbox 783 715 820 787; x_wconf 93' lang='lat' dir='ltr'><strong>in</strong></span> <span class='ocrx_word' id='word_1_23' title='bbox 842 713 1003 789; x_wconf 86' lang='lat' dir='ltr'><strong>medium</strong></span> <span class='ocrx_word' id='word_1_24' title='bbox 1020 719 1139 795; x_wconf 84' lang='lat' dir='ltr'><strong>nostri</strong></span> <span class='ocrx_word' id='word_1_25' title='bbox 1160 715 1238 791; x_wconf 80' lang='lat' dir='ltr'><strong>Do·</strong></span> 
     </span>
     <span class='ocr_line' id='line_1_5' title="bbox 160 818 1239 915; baseline -0.006 -14"><span class='ocrx_word' id='word_1_26' title='bbox 160 826 277 901; x_wconf 86' lang='lat' dir='ltr'><strong>minus</strong></span> <span class='ocrx_word' id='word_1_27' title='bbox 293 825 376 896; x_wconf 77' lang='lat' dir='ltr'><strong>lien</strong></span> <span class='ocrx_word' id='word_1_28' title='bbox 390 823 659 915; x_wconf 79' lang='lat' dir='ltr'><strong>Romanorum,</strong></span> <span class='ocrx_word' id='word_1_29' title='bbox 679 822 716 893; x_wconf 91' lang='lat' dir='ltr'><strong>in</strong></span> <span class='ocrx_word' id='word_1_30' title='bbox 737 822 838 894; x_wconf 84' lang='lat' dir='ltr'><strong>cuius</strong></span> <span class='ocrx_word' id='word_1_31' title='bbox 856 818 1021 898; x_wconf 81' lang='lat' dir='ltr'><strong>manibus</strong></span> <span class='ocrx_word' id='word_1_32' title='bbox 1038 848 1137 898; x_wconf 88' lang='lat' dir='ltr'><strong>nune</strong></span> <span class='ocrx_word' id='word_1_33' title='bbox 1153 849 1239 898; x_wconf 83' lang='lat' dir='ltr'><strong>con·</strong></span> 
     </span>
    </p>

    <p class='ocr_par' dir='ltr' id='par_1_3' title="bbox 148 925 1239 1143">
     <span class='ocr_line' id='line_1_6' title="bbox 148 925 1239 1028; baseline 0.007 -28"><span class='ocrx_word' id='word_1_34' title='bbox 148 932 308 1021; x_wconf 82' lang='lat' dir='ltr'><strong>sistunt,</strong></span> <span class='ocrx_word' id='word_1_35' title='bbox 337 928 424 1002; x_wconf 82' lang='lat' dir='ltr'><strong>dare</strong></span> <span class='ocrx_word' id='word_1_36' title='bbox 450 926 624 1019; x_wconf 83' lang='lat' dir='ltr'><strong>voluerit,</strong></span> <span class='ocrx_word' id='word_1_37' title='bbox 653 925 869 1028; x_wconf 79' lang='lat' dir='ltr'><strong>dederitque</strong></span> <span class='ocrx_word' id='word_1_38' title='bbox 896 944 935 1000; x_wconf 85' lang='lat' dir='ltr'><strong>et</strong></span> <span class='ocrx_word' id='word_1_39' title='bbox 961 927 1008 1003; x_wconf 89' lang='lat' dir='ltr'><strong>de</strong></span> <span class='ocrx_word' id='word_1_40' title='bbox 1026 928 1126 1003; x_wconf 81' lang='lat' dir='ltr'><strong>iacto</strong></span> <span class='ocrx_word' id='word_1_41' title='bbox 1144 927 1239 1009; x_wconf 83' lang='lat' dir='ltr'><strong>essi·</strong></span> 
     </span>
     <span class='ocr_line' id='line_1_7' title="bbox 159 1032 1237 1143; baseline -0.002 -35"><span class='ocrx_word' id='word_1_42' title='bbox 159 1036 340 1143; x_wconf 77' lang='lat' dir='ltr'><strong>gnaverit,</strong></span> <span class='ocrx_word' id='word_1_43' title='bbox 373 1035 413 1107; x_wconf 94' lang='lat' dir='ltr'><strong>in</strong></span> <span class='ocrx_word' id='word_1_44' title='bbox 440 1060 567 1108; x_wconf 84' lang='lat' dir='ltr'><strong>rerum</strong></span> <span class='ocrx_word' id='word_1_45' title='bbox 591 1049 631 1108; x_wconf 92' lang='lat' dir='ltr'><strong>et</strong></span> <span class='ocrx_word' id='word_1_46' title='bbox 651 1032 854 1134; x_wconf 83' lang='lat' dir='ltr'><strong>legitimum</strong></span> <span class='ocrx_word' id='word_1_47' title='bbox 880 1059 1004 1137; x_wconf 82' lang='lat' dir='ltr'><strong>regem</strong></span> <span class='ocrx_word' id='word_1_48' title='bbox 1031 1035 1237 1135; x_wconf 76' lang='lat' dir='ltr'><strong>Hungerise</strong></span> 
     </span>
    </p>

    <p class='ocr_par' dir='ltr' id='par_1_4' title="bbox 159 1140 1238 1245">
     <span class='ocr_line' id='line_1_8' title="bbox 159 1140 1238 1245; baseline -0.002 -30"><span class='ocrx_word' id='word_1_49' title='bbox 159 1152 197 1215; x_wconf 86' lang='lat' dir='ltr'><strong>&#39;et</strong></span> <span class='ocrx_word' id='word_1_50' title='bbox 210 1141 413 1216; x_wconf 86' lang='lat' dir='ltr'><strong>Dominum</strong></span> <span class='ocrx_word' id='word_1_51' title='bbox 437 1158 605 1214; x_wconf 87' lang='lat' dir='ltr'><strong>nostrum</strong></span> <span class='ocrx_word' id='word_1_52' title='bbox 626 1142 846 1214; x_wconf 76' lang='lat' dir='ltr'><strong>assumemus</strong></span> <span class='ocrx_word' id='word_1_53' title='bbox 871 1157 909 1214; x_wconf 86' lang='lat' dir='ltr'><strong>et</strong></span> <span class='ocrx_word' id='word_1_54' title='bbox 931 1167 1005 1242; x_wconf 67' lang='lat' dir='ltr'><strong>pro,</strong></span> <span class='ocrx_word' id='word_1_55' title='bbox 1025 1165 1111 1245; x_wconf 79' lang='lat' dir='ltr'><strong>rege</strong></span> <span class='ocrx_word' id='word_1_56' title='bbox 1128 1140 1238 1226; x_wconf 82' lang='lat' dir='ltr'><strong>hebe-</strong></span> 
     </span>
    </p>

    <p class='ocr_par' dir='ltr' id='par_1_5' title="bbox 110 1243 1238 1453">
     <span class='ocr_line' id='line_1_9' title="bbox 110 1243 1238 1347; baseline -0.004 -26"><span class='ocrx_word' id='word_1_57' title='bbox 110 1314 114 1321; x_wconf 90' lang='lat'><em>.</em></span> <span class='ocrx_word' id='word_1_58' title='bbox 159 1246 292 1322; x_wconf 89' lang='lat' dir='ltr'><strong>bimus·</strong></span> <span class='ocrx_word' id='word_1_59' title='bbox 304 1263 344 1320; x_wconf 86' lang='lat' dir='ltr'><strong>et</strong></span> <span class='ocrx_word' id='word_1_60' title='bbox 370 1243 594 1338; x_wconf 83' lang='lat' dir='ltr'>tenebimus,</span> <span class='ocrx_word' id='word_1_61' title='bbox 622 1245 695 1318; x_wconf 80' lang='lat' dir='ltr'><strong>ritu</strong></span> <span class='ocrx_word' id='word_1_62' title='bbox 712 1269 858 1347; x_wconf 78' lang='lat' dir='ltr'><strong>semper</strong></span> <span class='ocrx_word' id='word_1_63' title='bbox 877 1245 946 1320; x_wconf 88' lang='lat' dir='ltr'>sibi</span> <span class='ocrx_word' id='word_1_64' title='bbox 963 1247 1099 1321; x_wconf 81' lang='lat' dir='ltr'><strong>comite</strong></span> <span class='ocrx_word' id='word_1_65' title='bbox 1118 1250 1156 1321; x_wconf 92' lang='lat' dir='ltr'><strong>in</strong></span> <span class='ocrx_word' id='word_1_66' title='bbox 1179 1245 1238 1317; x_wconf 83' lang='lat' dir='ltr'><strong>fu·</strong></span> 
     </span>
     <span class='ocr_line' id='line_1_10' title="bbox 148 1338 1236 1453; baseline -0.006 -25"><span class='ocrx_word' id='word_1_67' title='bbox 148 1368 291 1435; x_wconf 70' lang='lat' dir='ltr'><strong>turrim.</strong></span> <span class='ocrx_word' id='word_1_68' title='bbox 327 1350 421 1427; x_wconf 76' lang='lat' dir='ltr'><strong>Casu</strong></span> <span class='ocrx_word' id='word_1_69' title='bbox 444 1367 583 1447; x_wconf 81' lang='lat' dir='ltr'><strong>sutem,</strong></span> <span class='ocrx_word' id='word_1_70' title='bbox 603 1338 687 1453; x_wconf 78' lang='lat' dir='ltr'><strong>&#39;quo</strong></span> <span class='ocrx_word' id='word_1_71' title='bbox 709 1350 1124 1429; x_wconf 83' lang='lat' dir='ltr'><strong>eorumdem-restitutio</strong></span> <span class='ocrx_word' id='word_1_72' title='bbox 1142 1362 1187 1426; x_wconf 69' lang='lat' dir='ltr'><strong>et·</strong></span> <span class='ocrx_word' id='word_1_73' title='bbox 1198 1353 1236 1423; x_wconf 90' lang='lat' dir='ltr'><strong>in</strong></span> 
     </span>
    </p>

    <p class='ocr_par' dir='ltr' id='par_1_6' title="bbox 118 1450 1239 2095">
     <span class='ocr_line' id='line_1_11' title="bbox 127 1450 1237 1560; baseline 0 -30"><span class='ocrx_word' id='word_1_74' title='bbox 127 1495 131 1502; x_wconf 95' lang='lat'><em>·</em></span> <span class='ocrx_word' id='word_1_75' title='bbox 157 1459 320 1534; x_wconf 87' lang='lat' dir='ltr'><strong>medium</strong></span> <span class='ocrx_word' id='word_1_76' title='bbox 342 1459 460 1532; x_wconf 79' lang='lat' dir='ltr'><strong>nostri</strong></span> <span class='ocrx_word' id='word_1_77' title='bbox 491 1450 683 1560; x_wconf 79' lang='lat' dir='ltr'><strong>assignatio</strong></span> <span class='ocrx_word' id='word_1_78' title='bbox 700 1456 815 1541; x_wconf 81' lang='lat' dir='ltr'><strong>nobis</strong></span> <span class='ocrx_word' id='word_1_79' title='bbox 838 1456 949 1534; x_wconf 83' lang='lat' dir='ltr'><strong>fuerit</strong></span> <span class='ocrx_word' id='word_1_80' title='bbox 977 1476 1170 1551; x_wconf 51' lang='lat' dir='ltr'><strong>recusatus</strong></span> <span class='ocrx_word' id='word_1_81' title='bbox 1197 1458 1237 1530; x_wconf 89' lang='lat' dir='ltr'><strong>in</strong></span> 
     </span>
     <span class='ocr_line' id='line_1_12' title="bbox 118 1556 1238 1665; baseline -0.001 -26"><span class='ocrx_word' id='word_1_82' title='bbox 118 1560 120 1565; x_wconf 43' lang='lat'><strong>⁴</strong></span> <span class='ocrx_word' id='word_1_83' title='bbox 148 1567 258 1640; x_wconf 85' lang='lat' dir='ltr'><strong>nulio</strong></span> <span class='ocrx_word' id='word_1_84' title='bbox 276 1563 346 1637; x_wconf 87' lang='lat' dir='ltr'><strong>sibi</strong></span> <span class='ocrx_word' id='word_1_85' title='bbox 367 1562 507 1638; x_wconf 83' lang='lat' dir='ltr'><strong>scilicet</strong></span> <span class='ocrx_word' id='word_1_86' title='bbox 525 1556 695 1638; x_wconf 85' lang='lat' dir='ltr'><strong>Ludisino</strong></span> <span class='ocrx_word' id='word_1_87' title='bbox 710 1563 1056 1665; x_wconf 82' lang='lat' dir='ltr'><strong>Principiroiumus</strong></span> <span class='ocrx_word' id='word_1_88' title='bbox 1073 1591 1150 1641; x_wconf 86' lang='lat' dir='ltr'><strong>esse</strong></span> <span class='ocrx_word' id='word_1_89' title='bbox 1168 1563 1238 1639; x_wconf 90' lang='lat' dir='ltr'><strong>ob·</strong></span> 
     </span>
     <span class='ocr_line' id='line_1_13' title="bbox 157 1667 1238 1773; baseline -0.003 -26"><span class='ocrx_word' id='word_1_90' title='bbox 157 1672 275 1773; x_wconf 78' lang='lat' dir='ltr'><strong>ligeti5</strong></span> <span class='ocrx_word' id='word_1_91' title='bbox 304 1672 392 1771; x_wconf 88' lang='lat' dir='ltr'><strong>quin</strong></span> <span class='ocrx_word' id='word_1_92' title='bbox 409 1671 485 1745; x_wconf 93' lang='lat' dir='ltr'><strong>imo</strong></span> <span class='ocrx_word' id='word_1_93' title='bbox 502 1667 608 1743; x_wconf 85' lang='lat' dir='ltr'><strong>huius</strong></span> <span class='ocrx_word' id='word_1_94' title='bbox 628 1671 732 1768; x_wconf 78' lang='lat' dir='ltr'><strong>regni</strong></span> <span class='ocrx_word' id='word_1_95' title='bbox 747 1671 927 1749; x_wconf 87' lang='lat' dir='ltr'><strong>moderno</strong></span> <span class='ocrx_word' id='word_1_96' title='bbox 946 1688 1042 1748; x_wconf 80' lang='lat' dir='ltr'><strong>stetu</strong></span> <span class='ocrx_word' id='word_1_97' title='bbox 1058 1690 1096 1747; x_wconf 88' lang='lat' dir='ltr'><strong>et</strong></span> <span class='ocrx_word' id='word_1_98' title='bbox 1106 1696 1238 1747; x_wconf 84' lang='lat' dir='ltr'><strong>neces·</strong></span> 
     </span>
     <span class='ocr_line' id='line_1_14' title="bbox 155 1773 1236 1883; baseline 0.003 -32"><span class='ocrx_word' id='word_1_99' title='bbox 155 1779 262 1853; x_wconf 76' lang='lat' dir='ltr'><strong>ritate</strong></span> <span class='ocrx_word' id='word_1_100' title='bbox 283 1775 493 1877; x_wconf 77' lang='lat' dir='ltr'><strong>requirente</strong></span> <span class='ocrx_word' id='word_1_101' title='bbox 511 1773 786 1877; x_wconf 74' lang='lat' dir='ltr'><strong>providebimus</strong></span> <span class='ocrx_word' id='word_1_102' title='bbox 804 1776 853 1853; x_wconf 89' lang='lat' dir='ltr'><strong>de</strong></span> <span class='ocrx_word' id='word_1_103' title='bbox 868 1778 971 1883; x_wconf 79' lang='lat' dir='ltr'><strong>Rege</strong></span> <span class='ocrx_word' id='word_1_104' title='bbox 991 1796 1031 1853; x_wconf 85' lang='lat' dir='ltr'><strong>et</strong></span> <span class='ocrx_word' id='word_1_105' title='bbox 1043 1779 1236 1880; x_wconf 80' lang='lat' dir='ltr'><strong>Principe,</strong></span> 
     </span>
     <span class='ocr_line' id='line_1_15' title="bbox 157 1881 1239 1989; baseline -0.003 -31"><span class='ocrx_word' id='word_1_106' title='bbox 157 1885 262 1958; x_wconf 87' lang='lat' dir='ltr'><strong>ouius</strong></span> <span class='ocrx_word' id='word_1_107' title='bbox 280 1882 348 1958; x_wconf 86' lang='lat' dir='ltr'><strong>sub</strong></span> <span class='ocrx_word' id='word_1_108' title='bbox 368 1882 543 1984; x_wconf 79' lang='lat' dir='ltr'><strong>regimine</strong></span> <span class='ocrx_word' id='word_1_109' title='bbox 560 1881 679 1981; x_wconf 86' lang='lat' dir='ltr'><strong>ipsum</strong></span> <span class='ocrx_word' id='word_1_110' title='bbox 703 1909 854 1985; x_wconf 82' lang='lat' dir='ltr'><strong>reguum</strong></span> <span class='ocrx_word' id='word_1_111' title='bbox 867 1911 891 1958; x_wconf 75' lang='lat' dir='ltr'><strong>a</strong></span> <span class='ocrx_word' id='word_1_112' title='bbox 907 1886 981 1960; x_wconf 86' lang='lat' dir='ltr'><strong>suis</strong></span> <span class='ocrx_word' id='word_1_113' title='bbox 1006 1884 1177 1989; x_wconf 81' lang='lat' dir='ltr'><strong>periculis</strong></span> <span class='ocrx_word' id='word_1_114' title='bbox 1201 1898 1239 1956; x_wconf 91' lang='lat' dir='ltr'><strong>et</strong></span> 
     </span>
     <span class='ocr_line' id='line_1_16' title="bbox 129 1987 1239 2095; baseline -0.003 -30"><span class='ocrx_word' id='word_1_115' title='bbox 129 2036 134 2045; x_wconf 91' lang='lat'>·</span> <span class='ocrx_word' id='word_1_116' title='bbox 150 1987 454 2095; x_wconf 83' lang='lat' dir='ltr'><strong>oppressionibus</strong></span> <span class='ocrx_word' id='word_1_117' title='bbox 470 1988 591 2063; x_wconf 74' lang='lat' dir='ltr'><strong>valeat</strong></span> <span class='ocrx_word' id='word_1_118' title='bbox 612 2004 821 2090; x_wconf 82' lang='lat' dir='ltr'><strong>opportune</strong></span> <span class='ocrx_word' id='word_1_119' title='bbox 837 1989 1007 2086; x_wconf 78' lang='lat' dir='ltr'><strong>liberari,</strong></span> <span class='ocrx_word' id='word_1_120' title='bbox 1033 2007 1072 2067; x_wconf 86' lang='lat' dir='ltr'><strong>et</strong></span> <span class='ocrx_word' id='word_1_121' title='bbox 1087 1992 1126 2065; x_wconf 89' lang='lat' dir='ltr'><strong>in</strong></span> <span class='ocrx_word' id='word_1_122' title='bbox 1143 2005 1239 2065; x_wconf 79' lang='lat' dir='ltr'><strong>stetu</strong></span> 
     </span>
    </p>

    <p class='ocr_par' dir='ltr' id='par_1_7' title="bbox 106 2092 1239 2198">
     <span class='ocr_line' id='line_1_17' title="bbox 106 2092 1239 2198; baseline 0 -27"><span class='ocrx_word' id='word_1_123' title='bbox 106 2104 133 2139; x_wconf 87' lang='grc'><strong>’·</strong></span> <span class='ocrx_word' id='word_1_124' title='bbox 156 2094 371 2198; x_wconf 59' lang='lat' dir='ltr'><strong>tranquillo,</strong></span> <span class='ocrx_word' id='word_1_125' title='bbox 384 2111 423 2170; x_wconf 80' lang='lat' dir='ltr'><strong>et</strong></span> <span class='ocrx_word' id='word_1_126' title='bbox 447 2092 600 2196; x_wconf 78' lang='lat' dir='ltr'><strong>pacifico</strong></span> <span class='ocrx_word' id='word_1_127' title='bbox 615 2131 617 2135; x_wconf 95' lang='lat'>·</span> <span class='ocrx_word' id='word_1_128' title='bbox 633 2120 856 2196; x_wconf 81' lang='lat' dir='ltr'><strong>permonere.</strong></span> <span class='ocrx_word' id='word_1_129' title='bbox 889 2099 936 2173; x_wconf 85' lang='lat' dir='ltr'><strong>Et</strong></span> <span class='ocrx_word' id='word_1_130' title='bbox 961 2110 1004 2173; x_wconf 84' lang='lat' dir='ltr'><strong>ut</strong></span> <span class='ocrx_word' id='word_1_131' title='bbox 1030 2094 1239 2175; x_wconf 86' lang='lat' dir='ltr'><strong>huiusmodi</strong></span> 
     </span>
    </p>

    <p class='ocr_par' dir='ltr' id='par_1_8' title="bbox 105 2199 1240 2306">
     <span class='ocr_line' id='line_1_18' title="bbox 105 2199 1240 2306; baseline -0.003 -28"><span class='ocrx_word' id='word_1_132' title='bbox 105 2270 110 2289; x_wconf 31' lang='lat' dir='ltr'>x</span> <span class='ocrx_word' id='word_1_133' title='bbox 156 2201 390 2278; x_wconf 81' lang='lat' dir='ltr'><strong>dissensionis</strong></span> <span class='ocrx_word' id='word_1_134' title='bbox 405 2217 443 2276; x_wconf 88' lang='lat' dir='ltr'><strong>et</strong></span> <span class='ocrx_word' id='word_1_135' title='bbox 459 2199 816 2296; x_wconf 80' lang='lat' dir='ltr'><strong>divisionisnostrae</strong></span> <span class='ocrx_word' id='word_1_136' title='bbox 829 2203 1070 2306; x_wconf 75' lang='lat' dir='ltr'><strong>multiplicata</strong></span> <span class='ocrx_word' id='word_1_137' title='bbox 1084 2202 1240 2280; x_wconf 72' lang='lat' dir='ltr'><strong>meria</strong></span> 
     </span>
    </p>

    <p class='ocr_par' dir='ltr' id='par_1_9' title="bbox 91 2305 1240 2412">
     <span class='ocr_line' id='line_1_19' title="bbox 91 2305 1240 2412; baseline -0.002 -28"><span class='ocrx_word' id='word_1_138' title='bbox 91 2348 96 2357; x_wconf 93' lang='lat'><strong>·</strong></span> <span class='ocrx_word' id='word_1_139' title='bbox 154 2313 340 2412; x_wconf 83' lang='lat' dir='ltr'><strong>sopiatur,</strong></span> <span class='ocrx_word' id='word_1_140' title='bbox 358 2307 527 2408; x_wconf 76' lang='lat' dir='ltr'><strong>meisque</strong></span> <span class='ocrx_word' id='word_1_141' title='bbox 541 2305 729 2409; x_wconf 76' lang='lat' dir='ltr'><strong>praedicte</strong></span> <span class='ocrx_word' id='word_1_142' title='bbox 744 2307 781 2381; x_wconf 91' lang='lat' dir='ltr'><strong>in</strong></span> <span class='ocrx_word' id='word_1_143' title='bbox 799 2326 904 2383; x_wconf 78' lang='lat' dir='ltr'><strong>antes</strong></span> <span class='ocrx_word' id='word_1_144' title='bbox 920 2336 999 2386; x_wconf 90' lang='lat' dir='ltr'><strong>non</strong></span> <span class='ocrx_word' id='word_1_145' title='bbox 1014 2313 1240 2385; x_wconf 83' lang='lat' dir='ltr'><strong>committan-</strong></span> 
     </span>
    </p>

    <p class='ocr_par' dir='ltr' id='par_1_10' title="bbox 62 2410 1239 2625">
     <span class='ocr_line' id='line_1_20' title="bbox 62 2410 1239 2519; baseline -0.004 -25"><span class='ocrx_word' id='word_1_146' title='bbox 62 2441 67 2452; x_wconf 87' lang='lat'><strong>·</strong></span> <span class='ocrx_word' id='word_1_147' title='bbox 157 2429 219 2494; x_wconf 80' lang='lat' dir='ltr'><strong>tur</strong></span> <span class='ocrx_word' id='word_1_148' title='bbox 239 2432 277 2489; x_wconf 87' lang='lat' dir='ltr'><strong>et</strong></span> <span class='ocrx_word' id='word_1_149' title='bbox 301 2439 375 2515; x_wconf 73' lang='lat' dir='ltr'><strong>prs</strong></span> <span class='ocrx_word' id='word_1_150' title='bbox 396 2414 549 2514; x_wconf 83' lang='lat' dir='ltr'><strong>pristina</strong></span> <span class='ocrx_word' id='word_1_151' title='bbox 569 2410 811 2508; x_wconf 77' lang='lat' dir='ltr'><strong>reformetur,</strong></span> <span class='ocrx_word' id='word_1_152' title='bbox 843 2413 1065 2519; x_wconf 77' lang='lat' dir='ltr'><strong>subscriptas</strong></span> <span class='ocrx_word' id='word_1_153' title='bbox 1084 2416 1239 2519; x_wconf 86' lang='lat' dir='ltr'><strong>dispois·</strong></span> 
     </span>
     <span class='ocr_line' id='line_1_21' title="bbox 132 2516 1239 2625; baseline -0.004 -29"><span class='ocrx_word' id='word_1_154' title='bbox 132 2522 278 2603; x_wconf 58' lang='lat' dir='ltr'><strong>„none</strong></span> <span class='ocrx_word' id='word_1_155' title='bbox 304 2518 472 2607; x_wconf 78' lang='lat' dir='ltr'><strong>effective</strong></span> <span class='ocrx_word' id='word_1_156' title='bbox 504 2516 746 2593; x_wconf 77' lang='lat' dir='ltr'><strong>observandos</strong></span> <span class='ocrx_word' id='word_1_157' title='bbox 774 2521 816 2593; x_wconf 88' lang='lat' dir='ltr'><strong>in</strong></span> <span class='ocrx_word' id='word_1_158' title='bbox 836 2517 906 2597; x_wconf 82' lang='lat' dir='ltr'><strong>hee</strong></span> <span class='ocrx_word' id='word_1_159' title='bbox 927 2524 1088 2625; x_wconf 80' lang='lat' dir='ltr'><strong>generrii</strong></span> <span class='ocrx_word' id='word_1_160' title='bbox 1113 2538 1239 2597; x_wconf 76' lang='lat' dir='ltr'><strong>nostru</strong></span> 
     </span>
    </p>

    <p class='ocr_par' dir='ltr' id='par_1_11' title="bbox 49 2616 1268 3370">
     <span class='ocr_line' id='line_1_22' title="bbox 58 2616 1238 2728; baseline 0.002 -26"><span class='ocrx_word' id='word_1_161' title='bbox 58 2648 61 2654; x_wconf 83' lang='lat'>·</span> <span class='ocrx_word' id='word_1_162' title='bbox 88 2616 112 2705; x_wconf 75' lang='grc'><strong>,’</strong></span> <span class='ocrx_word' id='word_1_163' title='bbox 158 2622 440 2728; x_wconf 71' lang='lat' dir='ltr'><strong>onngregatione</strong></span> <span class='ocrx_word' id='word_1_164' title='bbox 468 2620 640 2699; x_wconf 79' lang='lat' dir='ltr'><strong>duximus</strong></span> <span class='ocrx_word' id='word_1_165' title='bbox 661 2624 822 2727; x_wconf 87' lang='lat' dir='ltr'><strong>proinde</strong></span> <span class='ocrx_word' id='word_1_166' title='bbox 847 2626 1109 2705; x_wconf 74' lang='lat' dir='ltr'><strong>ordinandum..</strong></span> <span class='ocrx_word' id='word_1_167' title='bbox 1139 2628 1238 2703; x_wconf 80' lang='lat' dir='ltr'><strong>Arti-</strong></span> 
     </span>
     <span class='ocr_line' id='line_1_23' title="bbox 134 2729 1239 2837; baseline -0.006 -28"><span class='ocrx_word' id='word_1_168' title='bbox 134 2731 268 2809; x_wconf 82' lang='lat' dir='ltr'><strong>·rulus</strong></span> <span class='ocrx_word' id='word_1_169' title='bbox 288 2731 320 2804; x_wconf 73' lang='lat' dir='ltr'><strong>L</strong></span> <span class='ocrx_word' id='word_1_170' title='bbox 342 2729 546 2827; x_wconf 35' lang='lat' dir='ltr'><strong>:Terminus</strong></span> <span class='ocrx_word' id='word_1_171' title='bbox 566 2754 638 2832; x_wconf 88' lang='lat' dir='ltr'><strong>pro</strong></span> <span class='ocrx_word' id='word_1_172' title='bbox 661 2731 894 2810; x_wconf 62' lang='lat' dir='ltr'><strong>restituendis</strong></span> <span class='ocrx_word' id='word_1_173' title='bbox 919 2730 1239 2837; x_wconf 83' lang='lat' dir='ltr'><strong>bouis·.ooonpetis</strong></span> 
     </span>
     <span class='ocr_line' id='line_1_24' title="bbox 154 2832 1242 2942; baseline 0 -33"><span class='ocrx_word' id='word_1_174' title='bbox 154 2832 377 2941; x_wconf 78' lang='lat' dir='ltr'><strong>prnefigitur.</strong></span> <span class='ocrx_word' id='word_1_175' title='bbox 401 2836 449 2911; x_wconf 91' lang='grc' dir='ltr'><strong>Π.</strong></span> <span class='ocrx_word' id='word_1_176' title='bbox 471 2836 718 2911; x_wconf 76' lang='lat' dir='ltr'><strong>Donationum</strong></span> <span class='ocrx_word' id='word_1_177' title='bbox 736 2863 806 2938; x_wconf 90' lang='lat' dir='ltr'><strong>per</strong></span> <span class='ocrx_word' id='word_1_178' title='bbox 827 2841 985 2942; x_wconf 78' lang='lat' dir='ltr'><strong>reginem</strong></span> <span class='ocrx_word' id='word_1_179' title='bbox 1001 2837 1183 2927; x_wconf 73' lang='lat' dir='ltr'><strong>Elisabeth</strong></span> <span class='ocrx_word' id='word_1_180' title='bbox 1202 2854 1242 2912; x_wconf 84' lang='lat' dir='ltr'><strong>et</strong></span> 
     </span>
     <span class='ocr_line' id='line_1_25' title="bbox 139 2939 1241 3052; baseline 0.008 -43"><span class='ocrx_word' id='word_1_181' title='bbox 139 2940 399 3026; x_wconf 80' lang='lat' dir='ltr'><strong>..Windisinum</strong></span> <span class='ocrx_word' id='word_1_182' title='bbox 418 2941 601 3017; x_wconf 85' lang='lat' dir='ltr'><strong>Poionum</strong></span> <span class='ocrx_word' id='word_1_183' title='bbox 627 2939 811 3018; x_wconf 73' lang='lat' dir='ltr'><strong>fanorum·</strong></span> <span class='ocrx_word' id='word_1_184' title='bbox 830 2947 936 3050; x_wconf 79' lang='lat' dir='ltr'><strong>vigor</strong></span> <span class='ocrx_word' id='word_1_185' title='bbox 955 2947 1133 3052; x_wconf 83' lang='lat' dir='ltr'><strong>usquead</strong></span> <span class='ocrx_word' id='word_1_186' title='bbox 1149 2965 1241 3021; x_wconf 83' lang='lat' dir='ltr'><strong>tenr-</strong></span> 
     </span>
     <span class='ocr_line' id='line_1_26' title="bbox 66 3048 1241 3156; baseline 0.006 -35"><span class='ocrx_word' id='word_1_187' title='bbox 66 3086 69 3091; x_wconf 92' lang='lat'><em>·</em></span> <span class='ocrx_word' id='word_1_188' title='bbox 155 3075 228 3156; x_wconf 82' lang='lat' dir='ltr'><strong>pus</strong></span> <span class='ocrx_word' id='word_1_189' title='bbox 252 3048 504 3123; x_wconf 76' lang='lat' dir='ltr'><strong>coronationis</strong></span> <span class='ocrx_word' id='word_1_190' title='bbox 526 3049 614 3122; x_wconf 81' lang='lat' dir='ltr'><strong>nori</strong></span> <span class='ocrx_word' id='word_1_191' title='bbox 638 3050 732 3152; x_wconf 76' lang='lat' dir='ltr'><strong>regis</strong></span> <span class='ocrx_word' id='word_1_192' title='bbox 753 3050 995 3154; x_wconf 85' lang='lat' dir='ltr'><strong>suspenditur.</strong></span> <span class='ocrx_word' id='word_1_193' title='bbox 1021 3053 1241 3130; x_wconf 68' lang='lat' dir='ltr'><strong>HLCursus</strong></span> 
     </span>
     <span class='ocr_line' id='line_1_27' title="bbox 159 3154 1240 3264; baseline 0.009 -39"><span class='ocrx_word' id='word_1_194' title='bbox 159 3180 349 3235; x_wconf 69' lang='lat' dir='ltr'><strong>murrum</strong></span> <span class='ocrx_word' id='word_1_195' title='bbox 363 3154 510 3229; x_wconf 76' lang='lat' dir='ltr'><strong>maioris</strong></span> <span class='ocrx_word' id='word_1_196' title='bbox 524 3158 734 3256; x_wconf 74' lang='lat' dir='ltr'><strong>potenuae,</strong></span> <span class='ocrx_word' id='word_1_197' title='bbox 756 3173 1096 3264; x_wconf 81' lang='lat' dir='ltr'><strong>praeterexeeptos</strong></span> <span class='ocrx_word' id='word_1_198' title='bbox 1111 3187 1240 3254; x_wconf 82' lang='lat' dir='ltr'><strong>ossus,</strong></span> 
     </span>
     <span class='ocr_line' id='line_1_28' title="bbox 49 3257 1268 3370; baseline 0.003 -32"><span class='ocrx_word' id='word_1_199' title='bbox 49 3308 56 3319; x_wconf 71' lang='lat'><strong><em>‹</em></strong></span> <span class='ocrx_word' id='word_1_200' title='bbox 156 3260 207 3338; x_wconf 71' lang='lat' dir='ltr'><strong>sd</strong></span> <span class='ocrx_word' id='word_1_201' title='bbox 229 3259 326 3337; x_wconf 77' lang='lat' dir='ltr'><strong>idem</strong></span> <span class='ocrx_word' id='word_1_202' title='bbox 344 3275 489 3362; x_wconf 76' lang='lat' dir='ltr'><strong>tempus</strong></span> <span class='ocrx_word' id='word_1_203' title='bbox 505 3257 684 3334; x_wconf 76' lang='lat' dir='ltr'><strong>differtur.</strong></span> <span class='ocrx_word' id='word_1_204' title='bbox 725 3262 777 3335; x_wconf 89' lang='lat' dir='ltr'><strong>IV</strong></span> <span class='ocrx_word' id='word_1_205' title='bbox 779 3319 789 3364; x_wconf 87' lang='lat'><strong>·.</strong></span> <span class='ocrx_word' id='word_1_206' title='bbox 807 3262 1025 3370; x_wconf 75' lang='lat' dir='ltr'><strong>Pruefigitur</strong></span> <span class='ocrx_word' id='word_1_207' title='bbox 1037 3270 1268 3362; x_wconf 49' lang='lat' dir='ltr'><strong>terminus„</strong></span> 
     </span>
    </p>
   </div>
   <div class='ocr_carea' id='block_1_3' title="bbox 1 3365 1241 3478">
    <p class='ocr_par' dir='ltr' id='par_1_12' title="bbox 1 3365 1241 3478">
     <span class='ocr_line' id='line_1_29' title="bbox 1 3365 1241 3478; baseline 0.003 -34"><span class='ocrx_word' id='word_1_208' title='bbox 1 3441 3 3455; x_wconf 89' lang='grc'>,</span> <span class='ocrx_word' id='word_1_209' title='bbox 153 3371 256 3445; x_wconf 86' lang='lat' dir='ltr'><strong>inter</strong></span> <span class='ocrx_word' id='word_1_210' title='bbox 276 3394 388 3472; x_wconf 85' lang='lat' dir='ltr'><strong>quem</strong></span> <span class='ocrx_word' id='word_1_211' title='bbox 407 3383 528 3440; x_wconf 84' lang='lat' dir='ltr'><strong>ereeu</strong></span> <span class='ocrx_word' id='word_1_212' title='bbox 547 3366 625 3442; x_wconf 83' lang='lat' dir='ltr'><strong>sub</strong></span> <span class='ocrx_word' id='word_1_213' title='bbox 652 3365 842 3442; x_wconf 82' lang='lat' dir='ltr'><strong>disturbiis</strong></span> <span class='ocrx_word' id='word_1_214' title='bbox 867 3369 1072 3465; x_wconf 69' lang='lat' dir='ltr'><strong>fortalitia,‘</strong></span> <span class='ocrx_word' id='word_1_215' title='bbox 1095 3390 1241 3478; x_wconf 76' lang='lat' dir='ltr'><strong>praeter</strong></span> 
     </span>
    </p>
   </div>
   <div class='ocr_carea' id='block_1_4' title="bbox 159 3471 1242 3574">
    <p class='ocr_par' dir='ltr' id='par_1_13' title="bbox 159 3471 1242 3574">
     <span class='ocr_line' id='line_1_30' title="bbox 159 3471 1242 3574; baseline 0.007 -26"><span class='ocrx_word' id='word_1_216' title='bbox 159 3475 373 3549; x_wconf 74' lang='lat' dir='ltr'><strong>nominum</strong></span> <span class='ocrx_word' id='word_1_217' title='bbox 390 3487 565 3574; x_wconf 66' lang='lat' dir='ltr'><strong>exeeptis,</strong></span> <span class='ocrx_word' id='word_1_218' title='bbox 588 3471 757 3549; x_wconf 87' lang='lat' dir='ltr'><strong>demoliri</strong></span> <span class='ocrx_word' id='word_1_219' title='bbox 780 3473 949 3552; x_wconf 82' lang='lat' dir='ltr'><strong>debeant.</strong></span> <span class='ocrx_word' id='word_1_220' title='bbox 984 3480 1029 3554; x_wconf 83' lang='lat' dir='ltr'><strong>V.</strong></span> <span class='ocrx_word' id='word_1_221' title='bbox 1060 3483 1182 3556; x_wconf 82' lang='lat' dir='ltr'><strong>Poene</strong></span> <span class='ocrx_word' id='word_1_222' title='bbox 1202 3482 1242 3555; x_wconf 93' lang='lat' dir='ltr'><strong>in</strong></span> 
     </span>
    </p>
   </div>
   <div class='ocr_carea' id='block_1_5' title="bbox 27 3573 1242 3688">
    <p class='ocr_par' dir='ltr' id='par_1_14' title="bbox 27 3573 1242 3688">
     <span class='ocr_line' id='line_1_31' title="bbox 27 3573 1242 3688; baseline 0.008 -36"><span class='ocrx_word' id='word_1_223' title='bbox 27 3617 35 3635; x_wconf 91' lang='lat'><strong>·</strong></span> <span class='ocrx_word' id='word_1_224' title='bbox 146 3580 680 3672; x_wconf 77' lang='lat' dir='ltr'><strong>-eontraveuientesstntuitur,</strong></span> <span class='ocrx_word' id='word_1_225' title='bbox 702 3573 783 3681; x_wconf 84' lang='lat' dir='ltr'><strong>(qui</strong></span> <span class='ocrx_word' id='word_1_226' title='bbox 802 3608 881 3656; x_wconf 81' lang='lat' dir='ltr'><strong>eom</strong></span> <span class='ocrx_word' id='word_1_227' title='bbox 900 3584 938 3658; x_wconf 94' lang='lat' dir='ltr'><strong>in</strong></span> <span class='ocrx_word' id='word_1_228' title='bbox 956 3585 1173 3688; x_wconf 79' lang='lat' dir='ltr'><strong>respectiris,</strong></span> <span class='ocrx_word' id='word_1_229' title='bbox 1186 3585 1242 3662; x_wconf 88' lang='lat' dir='ltr'><strong>di·</strong></span> 
     </span>
    </p>
   </div>
   <div class='ocr_carea' id='block_1_6' title="bbox 21 3679 1243 4122">
    <p class='ocr_par' dir='ltr' id='par_1_15' title="bbox 21 3679 1243 4005">
     <span class='ocr_line' id='line_1_32' title="bbox 136 3679 1242 3789; baseline 0.019 -40"><span class='ocrx_word' id='word_1_230' title='bbox 136 3683 342 3762; x_wconf 75' lang='lat' dir='ltr'><strong>strietibus</strong></span> <span class='ocrx_word' id='word_1_231' title='bbox 376 3684 526 3787; x_wconf 83' lang='lat' dir='ltr'><strong>exequi·</strong></span> <span class='ocrx_word' id='word_1_232' title='bbox 543 3679 723 3779; x_wconf 79' lang='lat' dir='ltr'><strong>debeant,</strong></span> <span class='ocrx_word' id='word_1_233' title='bbox 762 3690 997 3768; x_wconf 75' lang='lat' dir='ltr'><strong>nominentur</strong></span> <span class='ocrx_word' id='word_1_234' title='bbox 1026 3693 1242 3789; x_wconf 81' lang='lat' dir='ltr'><strong>(Nicoleus,</strong></span> 
     </span>
     <span class='ocr_line' id='line_1_33' title="bbox 156 3788 1243 3898; baseline 0.01 -35"><span class='ocrx_word' id='word_1_235' title='bbox 156 3789 324 3868; x_wconf 58' lang='lat' dir='ltr'><strong>trivo&amp;</strong></span> <span class='ocrx_word' id='word_1_236' title='bbox 342 3788 388 3869; x_wconf 80' lang='lat' dir='ltr'><strong>de</strong></span> <span class='ocrx_word' id='word_1_237' title='bbox 406 3789 528 3883; x_wconf 66' lang='lat' dir='ltr'><strong>Utri,</strong></span> <span class='ocrx_word' id='word_1_238' title='bbox 551 3789 597 3865; x_wconf 92' lang='lat' dir='ltr'><strong>D.</strong></span> <span class='ocrx_word' id='word_1_239' title='bbox 615 3791 772 3868; x_wconf 85' lang='lat' dir='ltr'><strong>Joennes</strong></span> <span class='ocrx_word' id='word_1_240' title='bbox 788 3793 852 3889; x_wconf 87' lang='lat' dir='ltr'><strong>(de</strong></span> <span class='ocrx_word' id='word_1_241' title='bbox 863 3796 1040 3898; x_wconf 79' lang='lat' dir='ltr'><strong>Hunysd)</strong></span> <span class='ocrx_word' id='word_1_242' title='bbox 1056 3799 1243 3896; x_wconf 79' lang='lat' dir='ltr'><strong>Vuivodn‚</strong></span> 
     </span>
     <span class='ocr_line' id='line_1_34' title="bbox 21 3817 1243 4005; baseline 0.016 -39"><span class='ocrx_word' id='word_1_243' title='bbox 21 3998 26 4005; x_wconf 19' lang='grc'>1</span> <span class='ocrx_word' id='word_1_244' title='bbox 147 3893 415 4001; x_wconf 75' lang='lat' dir='ltr'><strong>¹Georgiusde</strong></span> <span class='ocrx_word' id='word_1_245' title='bbox 433 3817 828 4000; x_wconf 75' lang='lat' dir='ltr'><strong>itnrgon„.totanms</strong></span> <span class='ocrx_word' id='word_1_246' title='bbox 849 3903 1009 3999; x_wconf 79' lang='lat' dir='ltr'><strong>Giskrn,</strong></span> <span class='ocrx_word' id='word_1_247' title='bbox 1038 3907 1169 3982; x_wconf 84' lang='lat' dir='ltr'><strong>Comes</strong></span> <span class='ocrx_word' id='word_1_248' title='bbox 1194 3903 1243 3985; x_wconf 86' lang='lat' dir='ltr'><strong>de</strong></span> 
     </span>
    </p>

    <p class='ocr_par' dir='ltr' id='par_1_16' title="bbox 143 4000 1243 4122">
     <span class='ocr_line' id='line_1_35' title="bbox 143 4000 1243 4122; baseline 0.015 -47"><span class='ocrx_word' id='word_1_249' title='bbox 143 4000 298 4097; x_wconf 54' lang='lat' dir='ltr'><strong>asinos,</strong></span> <span class='ocrx_word' id='word_1_250' title='bbox 330 4003 521 4081; x_wconf 72' lang='lat' dir='ltr'><strong>unuicn</strong></span> <span class='ocrx_word' id='word_1_251' title='bbox 548 4001 595 4081; x_wconf 84' lang='lat' dir='ltr'><strong>do</strong></span> <span class='ocrx_word' id='word_1_252' title='bbox 611 4003 817 4101; x_wconf 70' lang='lat' dir='ltr'><strong>retrone,</strong></span> <span class='ocrx_word' id='word_1_253' title='bbox 836 4006 997 4089; x_wconf 67' lang='lat' dir='ltr'><strong>Minium</strong></span> <span class='ocrx_word' id='word_1_254' title='bbox 1015 4010 1177 4122; x_wconf 64' lang='lat' dir='ltr'><strong>Onugh</strong></span> <span class='ocrx_word' id='word_1_255' title='bbox 1203 4028 1243 4092; x_wconf 79' lang='lat' dir='ltr'><strong>ot</strong></span> 
     </span>
    </p>
   </div>
   <div class='ocr_carea' id='block_1_7' title="bbox 0 0 1358 4568">
    <p class='ocr_par' dir='ltr' id='par_1_17' title="bbox 0 0 1358 4568">
     <span class='ocr_line' id='line_1_36' title="bbox 0 0 1358 4568; baseline 0 0"><span class='ocrx_word' id='word_1_256' title='bbox 0 0 1358 4568; x_wconf 95' lang='lat' dir='ltr'><strong> </strong></span> 
     </span>
    </p>
   </div>
  </div>
 </body>
</html>
