2708 4568
161 548 257 617 'bem
274 555 315 616 et
334 540 471 614 lamam
495 543 655 632 amittat,
691 557 729 614 et
744 565 932 644 nunquam
952 542 1052 618 inter
1075 548 1267 651 principes

133 654 135 661 ’
184 647 514 748 christianos·,stare
535 664 572 720 et
598 649 851 720 connumerari
876 646 1013 741 valeat,
1046 676 1135 724 mox
1155 681 1258 755 prae·
1341 730 1347 743 ,

181 752 274 829 satus
299 756 346 828 D.
370 751 606 827 Gubernator
630 767 669 825 et
694 753 845 826 Domini
873 754 1098 856 Hungariae,
1127 773 1263 835 terram

156 885 281 957 ‚suam
306 876 344 935 et
371 859 658 934 dominationem
682 857 834 932 liberam
858 855 1013 934 babeant
1037 866 1260 965 occupandi,

180 966 368 1040 cremandi
384 984 421 1041 et
440 964 648 1040 devastandi
674 964 900 1058 fac'ultatem3
928 966 1103 1068 quodque
1118 969 1194 1073 ipse
1208 973 1261 1060 D.

125 1132 127 1136 ,
179 1072 324 1147 Vlrious
344 1074 420 1146 istis
441 1068 755 1172 permissionibus,
782 1072 1104 1172 occupationibus,
1129 1102 1265 1153 crema·
1300 1144 1305 1154 ,

181 1178 358 1271 tionibus,
379 1195 560 1251 terrarum
581 1194 619 1250 et
640 1175 887 1250 dominiorum
909 1201 1072 1270 suorum,
1096 1206 1164 1255 nec
1184 1210 1264 1257 ver·

180 1281 251 1374 bo,
276 1309 344 1358 nec
363 1310 497 1387 opere,
516 1309 639 1384 ,neque
658 1282 755 1356 facto
779 1283 1031 1358 contradicere
1052 1287 1189 1385 possit,
1217 1289 1265 1362 si·

181 1390 317 1463 militer
335 1389 406 1464 sub
425 1383 543 1492 poena
558 1390 734 1491 periurii,
762 1415 805 1464 ac
824 1389 973 1466 honoris
993 1406 1030 1464 et
1046 1391 1162 1479 famae
1180 1419 1266 1470 suae

183 1497 389 1570 amissione.
411 1533 464 1552 --
486 1497 620 1569 Datum
642 1497 681 1569 in
700 1496 821 1596 vigilia
848 1495 886 1572 S.
909 1495 1078 1589 Andreae
1094 1497 1294 1599 Apostoli,

182 1599 290 1675 Anno
308 1604 461 1676 Domini
476 1601 777 1677 MCCCCXLVI.
800 1620 802 1624 “

125 1818 141 1860 ,
222 1751 313 1836 Apud
327 1718 404 1836 Pray
421 1750 439 1812 l.
459 1772 485 1813 c.
500 1774 532 1832 p.
552 1748 601 1812 52·
625 1753 786 1834 Postquam
800 1749 971 1816 Fridericus
989 1748 1184 1815 nibilominus
1202 1772 1260 1853 nec

271 1873 312 1935 ad
335 1890 438 1956 regem
461 1883 491 1934 et
511 1893 673 1948 coronam,
703 1894 760 1934 nec
787 1872 826 1935 ad
842 1875 1019 1951 laurinum,
1038 1875 1158 1959 aliaque
1176 1874 1261 1959 regni

212 1991 215 2000 '
270 2003 369 2057 eastre
392 1990 577 2055 restituenda
603 1989 672 2053 sivit
689 2011 722 2052 se
739 1991 927 2075 permoveri,
956 1994 1151 2081 factumest:
1180 1991 1265 2077 quod

267 2113 640 2198 itinerariumWolfgangi
658 2112 698 2174 de
708 2110 786 2174 stira
801 2112 904 2196 paucis
921 2112 1017 2175 inuit:
1039 2120 1152 2187 „Anno
1170 2094 1264 2178 1446.

214 2247 215 2256 ’
270 2240 301 2300 in
326 2236 461 2302 adventu
474 2236 611 2311 Domini,
636 2235 749 2320 Vagati
773 2243 967 2298 vastaverunt
990 2246 1104 2298 terram
1129 2239 1266 2303 Austriaa

271 2370 399 2446 propter
421 2380 566 2421 coronam
586 2354 847 2445 recuperandam,
869 2348 1091 2432 ee'fnranmf‘
1118 2357 1206 2443 Apud
1227 2363 1262 2421 Β.

271 2484 341 2543 Pete
355 2483 444 2555 Tom5
456 2483 489 2540 11.
508 2477 568 2542 eol·
578 2477 649 2540 449.
672 2477 801 2545 Vberius
818 2476 1006 2544 Tburooaius
1026 2475 1140 2544 chron.
1160 2481 1192 2545 Ρ.
1209 2482 1259 2552 Ν.

239 2601 246 2615 ’
268 2623 337 2687 cap.
354 2601 447 2684 XLV·
754 2616 756 2623 ⁴

644 2793 787 2870 XXXL

171 2909 307 3005 lomnes
325 2935 363 3001 de
383 2933 789 3019 Hunynd,‚0sonokosa'‹tnis
801 2941 1026 3017 mercationem
1043 2941 1140 3019 prust
1156 2941 1255 3001 Kene-
1292 2944 1295 2949 '

268 3045 372 3103 subtus
392 3042 631 3113 tenetentum,
653 3042 853 3100 servitiorum
870 3043 998 3117 aurita,
1020 3044 1088 3103 iure
1098 3053 1251 3123 perpetuo

133 3175 140 3186 ·
267 3148 395 3225 eorafirt.
415 3142 474 3208 An.
494 3140 586 3207 1447.

240 3276 346 3363 ‘Nos
370 3288 526 3362 Joannes
551 3284 598 3359 de
615 3281 797 3385 Hunyad,
824 3286 927 3388 regni
944 3284 1149 3389 Hungariae
1168 3286 1246 3360 Gu-

166 3395 364 3486 bernator,
401 3392 601 3466 memoriae
623 3389 938 3485 commendamus,
960 3432 1019 3483 ··.
1035 3389 1137 3491 quod
1158 3416 1246 3484 nos,

164 3501 401 3576 consideratis
423 3516 461 3572 et
478 3502 516 3571 in
535 3491 748 3573 m'emoriam
762 3516 931 3573 nostram
942 3499 1120 3572 revocatis
1140 3498 1246 3572 multi

162 3606 284 3681 modis
306 3604 538 3679 fidelitatibus
560 3622 598 3679 et
616 3602 778 3680 fidelium
805 3607 1038 3679 servitiorum
1059 3605 1242 3705 gratuitis,

162 3716 455 3814 meritorumque
475 3712 626 3786 sinceris
647 3712 939 3813 complacentiis,
972 3725 1081 3811 atque
1099 3712 1242 3783 virtuo·

164 3822 215 3892 sis
234 3820 348 3922 ¹gestis
373 3817 555 3893 nobilium
580 3819 702 3908 Daan,
734 3817 801 3893 lilii
830 3814 1015 3919 quondam
1043 3815 1244 3894 Jaroszlaw

163 3922 211 3997 de
233 3924 448 4018 Cbonokos,
475 3926 641 3999 necnon
658 3923 802 4025 Woyk‚
832 3949 876 3999 ac
893 3923 992 3998 Petri
1010 3919 1178 4016 Zsorbe,
1204 3937 1243 3996 et

163 4025 356 4124 lobannis,
382 4028 448 4108 filii
475 4029 568 4108 dicti
581 4028 781 4111 Jaroszlaw
806 4026 854 4105 de
874 4027 1243 4169 eademqbonokos,
