2708 4568
1164 322 1335 413 reg

126 524 254 602 obesse
273 517 323 595 ad
351 535 442 597 tune
461 542 537 595 non
567 532 676 623 posse
700 517 893 625 cogitarit,
927 546 948 591 a
967 520 1093 625 regina
1113 518 1215 596 defe-
1298 524 1302 529 ’

132 635 236 709 citet
256 654 360 705 novo
369 628 460 732 regi
480 624 700 721 adhaerens,
724 624 972 701 extollendam
992 625 1157 702 eiusdem
1176 630 1217 702 in
1242 695 1245 699 .

109 750 290 843 'partem,
329 735 482 811 caeteris
513 735 637 810 aerior
664 731 742 807 suit.
776 734 889 828 „Erat
918 749 1006 807 tuno
1028 735 1067 806 in
1100 759 1217 837 regno

126 846 230 921 miles
249 843 522 946 magnanimus,
559 839 677 915 nobili
695 855 733 915 et
755 839 855 937 clapo
874 841 1112 942 transalpinae
1131 867 1218 944 gen·

128 954 177 1026 tis
205 948 253 1024 de
282 949 425 1053 grenuo
452 963 579 1043 natus,
620 944 863 1021 lohannes
900 944 954 1021 de
993 930 1216 1049 Hunyad,

128 1057 244 1133 bomo
270 1054 489 1144 bellicosus,
527 1069 564 1131 et
588 1050 637 1126 ad
661 1049 883 1128 flectendum
910 1079 1031 1146 arma,
1060 1051 1217 1158 dirigen-
1334 1066 1337 1075 “

133 1163 273 1267 dasque
301 1186 362 1237 res
388 1160 539 1236 bellicas
566 1175 691 1254 natus,
727 1175 765 1232 et
790 1159 884 1233 siout
912 1156 1072 1260 piscibus
1104 1186 1216 1263 aqua,

129 1272 323 1372 tersisque
342 1267 537 1343 umbrosas
558 1267 715 1342 lustrare
735 1263 858 1359 silvas,
871 1267 924 1342 sio
944 1267 998 1339 illi
1017 1290 1236 1365 armorum,-

133 1375 295 1478 bellique
315 1368 503 1479 expeditio
521 1373 594 1447 vita
615 1386 705 1447 erat.
725 1371 835 1447 Hunc
854 1368 1058 1471 bominem,
1081 1389 1123 1449 ut
1144 1374 1219 1450 diei
1276 1444 1280 1451 .

134 1483 403 1588 praesumitur,
441 1479 566 1569 futura
592 1505 666 1582 pro
694 1480 797 1583 regni
830 1479 970 1575 tutela,
1010 1479 1122 1556 rebus
1152 1506 1221 1587 pes

134 1596 253 1695 ipsum
269 1626 273 1631 ·
288 1588 396 1693 gestis
432 1584 677 1682 testantibus,
721 1585 794 1658 fata
829 1582 876 1658 ab
903 1586 979 1662 alto
1012 1586 1069 1662 ele
1093 1603 1219 1680 erent,

136 1695 415 1801 peregrinisque
436 1691 482 1768 de
504 1690 675 1799 partibus
697 1692 800 1796 regni
823 1690 1031 1799 Hungariae
1057 1613 1220 1769 fedore·

136 1819 225 1889 rant·
235 1805 331 1889 intra
350 1825 444 1874 oras.
471 1800 604 1875 Fertur
619 1801 735 1893 enim,
761 1795 864 1901 quod
881 1825 950 1874 rex
968 1798 1222 1904 sigismundus

137 1910 276 1983 virtutis
291 1902 440 1982 nomine
457 1907 632 2013 genitoris
646 1905 769 1980 militis
780 1903 893 1980 -huius
916 1906 1095 2010 pulsatus,
1117 1909 1223 1982 illum

139 2014 302 2118 partibus
329 2010 375 2089 de
397 2012 623 2117 transalpinis
649 2038 757 2089 suum
784 2009 1003 2086 traduxisset
1027 2015 1066 2087 in
1103 2013 1221 2089 domi-

138 2122 255 2215 nium,
281 2120 412 2221 suique
438 2122 543 2224 regni
560 2119 674 2192 'illum
701 2118 861 2191 incolam
883 2117 1079 2211 effecisset,
1107 2135 1145 2194 et
1167 2120 1223 2192 ni-

139 2218 335 2303 hilominus
350 2224 471 2330 digna,
493 2242 743 2333 perpetuaque
765 2221 922 2298 eundem
945 2225 1225 2301 munitionis

141 2330 301 2435 Hunyad
324 2333 565 2436 possessione,
584 2331 652 2407 ubi
670 2355 769 2431 nuno
791 2340 948 2406 castrum
967 2328 1107 2426 nobile,
1126 2356 1226 2436 aspe-

140 2455 275 2545 ctuque
293 2437 510 2527 delectabile
529 2453 785 2540 erectumest,
815 2435 1010 2513 dotasset.“
1037 2437 1232 2515 Praelatus

140 2546 251 2650 igitur
264 2544 448 2644 lohannes
467 2543 513 2618 de
531 2542 691 2646 Hunyad
711 2569 856 2647 semper
874 2544 931 2620 sui
952 2548 1153 2648 superioris
1175 2546 1225 2619 la·

136 2653 209 2727 teri
231 2649 492 2746 bdhaerendo,
536 2677 621 2726 oum
648 2652 720 2726 iam
751 2650 798 2725 de
824 2653 960 2726 virtute
984 2657 1022 2726 in
1050 2657 1225 2750 virtutem

138 2758 332 2854 crevisset,
360 2786 382 2832 a
401 2755 681 2861 minoribusque
699 2759 804 2860 regni
823 2751 1105 2854 officiolatibus,
1128 2786 1224 2862 quo·

140 2893 221 2957 rum
241 2890 358 2969 usque
377 2862 425 2938 ad
452 2872 540 2953 tune
559 2864 674 2955 fretus
693 2863 820 2961 fuisset
839 2862 1001 2957 honore,
1019 2869 1225 2953 successivo

141 2972 366 3049 incremento
393 2972 595 3046 intantum
622 2970 827 3063 claruisset,
856 2968 958 3077 quosl
977 2970 1021 3044 ad
1043 2971 1225 3046 Vaivoda·

140 3093 218 3153 tum
244 3079 406 3184 partium
433 3079 537 3183 regni
569 3078 867 3153 transilvauarum
900 3103 1006 3150 suum
1039 3078 1227 3154 extulisset

141 3185 306 3280 titulum,
325 3182 398 3258 ‘vir
425 3184 463 3257 in
490 3210 607 3289 regno
639 3210 716 3258 non
742 3208 872 3284 parum
892 3197 1045 3286 potens,
1082 3200 1120 3258 et
1147 3186 1226 3288 ipse

140 3288 423 3396 regi'Vladislao
443 3287 639 3373 adhaesit.“
668 3292 753 3392 Cap.
773 3290 1110 3364 xxviii-xxx.

239 3393 291 3499 2.)
309 3394 367 3472 -Dl
394 3421 536 3491 oossus,
559 3399 644 3472 alias
662 3397 850 3497 Longinus
861 3397 1102 3488 ,‘'Craeovien.
1122 3398 1225 3488 Can„

138 3500 188 3575 ad
197 3503 302 3578 Joan.
316 3501 364 3577 de
416 3503 538 3604 unyad
556 3504 751 3607 ablegatus,
770 3501 863 3576 Hist.
876 3503 954 3577 Pol.
969 3503 1050 3577 Lib.
1060 3504 1140 3579 XII.
1155 3503 1226 3580 col.

137 3613 232 3699 275⁶·
256 3607 304 3707 acl
323 3635 380 3683 an.
402 3614 518 3687 1440.
535 3613 606 3689 ait:
635 3609 759 3704 „Quia
777 3605 1032 3708 (Wladislaus)
1050 3610 1228 3684 loannem

138 3717 187 3793 de
211 3712 373 3819 Hunyad
394 3714 542 3792 videbat
566 3713 720 3792 militem
746 3713 948 3791 animosum
979 3730 1016 3788 et
1043 3718 1165 3790 virum
1188 3715 1229 3813 in

137 3822 249 3909 arnus
268 3823 389 3926 magni
404 3818 533 3929 pretii,
553 3851 631 3899 non
651 3836 787 3907 attenta
804 3819 1016 3896 conditione
1035 3847 1112 3914 sua,
1135 3845 1228 3923 quaa

138 3932 219 4005 tum
249 3946 330 4005 ‘erat
365 3926 516 4015 humilis
531 3947 568 4006 et
594 3931 751 4032 exigua,
784 3928 861 4001 sola
880 3926 1016 4000 virtute
1036 3929 1147 4030 ipsius
1166 3924 1229 4000 de-

135 4032 314 4135 lectatus,
326 4036 459 4144 ‘ipsum
478 4052 607 4121 contra
622 4036 760 4132 Tureas
770 4089 782 4131 ,
813 4032 1049 4138 capitaneum
1068 4032 1232 4138 ordinat,
