2708 4568
1003 329 1007 334 ⁴
1125 338 1212 412 ²1⁹3

127 534 232 615 uicto
247 534 483 616 exbtentium
500 534 729 637 babitarum,
757 562 826 617 nec
844 562 919 615 non
940 536 1126 641 locorum,
1148 546 1217 623 tri·

128 638 325 747 buturum,
350 646 478 722 vicinis
494 660 533 723 et
549 647 807 722 commetaneis
826 637 1217 729 eiusdem'earatmdem

129 750 328 844 universis,
370 751 464 827 inibi
489 750 649 855 legitime
676 754 887 827 convocatis
910 768 946 827 et
989 756 1217 835 incientibus

129 854 344 932 accedendo
363 854 677 951 introduxissent,
703 856 943 959 praelibatum
1015 862 1143 937 mitem
1155 864 1217 961 lo·-

130 958 286 1037 hannem
304 963 342 1036 in
364 961 566 1039 dominium
588 958 752 1039 eiusdem
772 977 811 1038 et
825 956 1057 1059 earumdem,
1077 970 1220 1045 statuis·

134 1082 290 1170 sentque
309 1061 415 1169 :idem
444 1082 482 1145 et
503 1066 649 1144 easdem
678 1064 799 1143 eidem
818 1066 926 1142 simul
953 1070 1038 1145 cuin
1057 1074 1137 1147 iure
1202 1112 1220 1132 ·

133 1188 298 1248 tronatus
318 1176 555 1250 ecclesiarum
576 1170 789 1251 earumdem
802 1196 886 1249 cum
903 1179 1043 1253 cunctis
1060 1102 1222 1258 eiusdilm

132 1280 405 1378 atjeammtsm
427 1278 644 1357 utilitatibus
669 1297 706 1355 et
724 1282 955 1385 pertinentiis
974 1272 1220 1387 quibuslibet,

132 1386 350 1492 praemissae
369 1385 575 1463 donationis
587 1384 695 1460 titulo
707 1386 777 1489 ipsi
796 1376 1222 1497 incumbenti'perpetuo
1248 1414 1252 1421 ·

132 1487 405 1599 possidendum.
445 1492 600 1567 Nemine
658 1492 778 1567 enitus
809 1486 1097 1573 coenantium
1112 1524 1224 1603 appa·

133 1611 252 1689 rente,
270 1596 392 1675 tribus
410 1600 593 1674 continuis
642 1596 740 1673 'ebus
761 1599 801 1673 in
825 1596 987 1674 faciebus
1007 1590 1168 1677 eiisden
1186 1620 1224 1680 et

134 1702 366 1798 earumdem,
406 1703 509 1781 iuxta
537 1705 641 1811 regni
669 1702 974 1781 consuetudinem
1000 1708 1224 1801 moi-amla-

135 1812 282 1888 cientes.
311 1808 355 1885 ln
376 1808 476 1887 cuius
495 1814 550 1887 rei
567 1809 835 1913 testimonium,
854 1816 1143 1917 perpetuamque
1161 1814 1225 1891 lira

129 1921 297 1993 unitatem
313 1932 522 2019 praesentes
540 1916 662 1993 literas
682 1912 827 1992 nostras
841 1918 1083 2025 privilegiales
1094 1912 1224 2023 'sigillo

135 2028 263 2099 nostro
282 2021 456 2126 pendenti
479 2023 676 2099 munimine
688 2018 890 2097 ‘roboratas
915 2014 1034 2109 eidem
1051 2022 1222 2115 duximus

135 2126 397 2205 concedendas.
426 2132 562 2204 Datum
578 2128 724 2203 decimo
745 2144 878 2205 octavo
898 2126 961 2203 die
975 2128 1225 2207 introducti&

136 2238 193 2312 uis
210 2252 248 2308 et
265 2237 472 2310 statutionis
491 2240 791 2341 praenotatorum
808 2254 910 2309 anno.
925 2224 1140 2337 Domini'sti
1166 2232 1224 2321 rai·

139 2343 252 2415 dicte.
280 2339 520 2415 Honorabilis
537 2358 573 2417 et
593 2340 758 2416 discretis
774 2339 862 2417 viris
882 2332 1044 2417 Domin‘o
1064 2260 1224 2443 Anisa,

137 2446 367 2551 Praeposito,
400 2449 563 2524 Antonio
587 2445 824 2521 decretorum
844 2445 1017 2540 doctore,
1038 2442 1219 2545 cantore,

138 2554 318 2630 Michaele
337 2550 517 2649 Custode,
545 2553 726 2658 Gregorio
748 2548 793 2626 de
811 2550 931 2658 Lippa
951 2552 1122 2657 Decano',
1143 2562 1222 2631 cae*

137 2662 300 2763 terisque
317 2660 510 2735 Canonicis
531 2660 654 2735 dictae
671 2658 857 2737 Ecclesiae
876 2676 1046 2755 nostrae,
1065 2662 1221 2739 salubri·

138 2785 196 2843 ter
216 2766 456 2843 existentibus
471 2784 513 2861 et
532 2765 673 2844 devote.

233 2956 312 3033 Nos
329 2955 440 3061 igitur
459 2949 667 3028 huiusmodi
683 2941 1010 3052 supplicationibus
1026 2976 1100 3128 pro
1117 2970 1221 3055 parte

139 3079 177 3140 et
196 3067 235 3138 in
247 3089 405 3166 persona
431 3057 585 3163 praelati
604 3060 756 3143 Comitis
776 3052 949 3129 Jobanois
974 3070 1024 3129 no
1051 3058 1079 3147 is
1105 3058 1220 3131 modo

138 3197 217 3273 quo
233 3196 342 3272 supra
356 3166 552 3270 porrectis,
572 3165 673 3267 regia¹
687 3160 910 3264 benignitate
927 3160 1121 3253 exauditis,
1145 3164 1219 3238 cle·
1299 3248 1303 3259 Ι

139 3286 282 3351 menter
297 3290 336 3351 et
361 3273 545 3366 admissis,
572 3282 774 3372 praetactas¹
794 3280 969 3368 utrasque
981 3266 1122 3369 litteras
1141 3296 1219 3367 non

138 3381 304 3477 mansas,
322 3404 408 3455 ¹non
426 3379 657 3470 cancellatas,
682 3374 806 3449 aiecio
825 3372 945 3475 aliqua
961 3373 1021 3446 s'ui
1038 3352 1218 3477 pastoral

136 3506 297 3591 spectas,
323 3488 398 3560 imo
423 3511 524 3559 mera
547 3500 586 3557 et
607 3481 747 3556 sincera
764 3480 968 3581 integritate
984 3480 1217 3582 praepollen-

136 3610 210 3689 tes,
239 3589 562 3696 praesentibusque
579 3588 706 3663 litteris
723 3584 856 3660 nostris
874 3582 919 3660 de'
935 3583 1051 3671 verbo
1070 3584 1116 3657 ad
1135 3612 1213 3661 ret·-
1290 3652 1297 3663 .

136 3701 226 3775 bum
244 3701 320 3773 sine
338 3698 577 3772 diminutione
602 3710 640 3767 et
661 3704 854 3795 augmento
883 3690 1029 3792 aliquali
1046 3692 1221 3800 insertas,¹

137 3805 277 3911 quoad.
296 3828 421 3879 omues
450 3796 659 3875 earumdem
685 3797 944 3890 continentias,
974 3795 1150 3871 clausulas
1165 3810 1214 3889 'ct

137 3912 308 3988 articulos
334 3922 480 3985 catenus
504 3921 681 4009 quatenus
706 3902 857 3977 eaedem
873 3903 943 3974 rite
962 3916 1000 3974 et
1016 3898 1214 3977 rationabi.

137 4006 222 4093 liter
237 4032 321 4091 sunt
343 4028 548 4106 emanatas,
573 4008 788 4112 viribusque
808 4032 934 4105 earum
953 4008 1083 4083 ve'ritas
1100 4006 1219 4086 subu.

192 4137 456 4243 liuuyediana..
712 4182 715 4191 ·
974 4141 1021 4209 13
