2708 4568
13 274 313 355 ,48Ὗ

138 508 263 579 sons·
292 503 378 605 ipss
402 501 568 577 nonius
596 515 633 574 et
657 484 840 577 setona
868 504 1058 607 ipsum,
1089 506 1244 600 uiuos,

138 627 284 685 nostroe
302 608 424 730 salutis
440 624 477 729 et
492 603 678 729 quondam
689 634 827 712 egregu
835 611 858 684 J
859 615 985 734 oannis
1000 613 1162 734 Minoris
1177 611 1226 735 de

76 846 81 857 ι
139 715 319 839 iuml
345 714 1253 899 npppsffingffifflpffi,.

140 839 282 1020 illiciis
297 848 545 1029 idlbiaedicui
563 846 723 1001 Eccbasia
743 927 782 1003 B.
799 928 987 1004 Michaelis
1001 908 1225 1034 Ar-cbaisgeli

142 1035 327 1125 tumulati,
367 1035 508 1107 animae
534 1030 726 1136 refrigerio
750 1036 936 1110 remittere
969 1053 1008 1111 et
1037 1035 1230 1112 declarare·

2 1207 6 1214 .
143 1140 395 1242 dignaremur,
439 1141 481 1211 in
506 1140 608 1214 cuius
643 1146 1019 1246 recompensationem
1045 1143 1227 1244 praedicti

142 1247 295 1322 Domini
315 1243 575 1348 disposuissent
595 1246 691 1320 inter
706 1271 744 1320 se
764 1273 835 1349 pro
852 1248 1135 1350 salute-quidem
1156 1274 1225 1325 no·

142 1369 217 1428 stra
241 1368 280 1426 et
302 1349 393 1425 dicti
415 1349 537 1426 fratris
555 1354 672 1424 nostri
691 1351 913 1446 charissimi,
939 1355 1135 1458 stipendiis
1151 1382 1224 1458 sp·

41 1456 46 1471 '
143 1456 339 1533 ritualibus
355 1480 562 1559 occurrere.
598 1457 676 1532 Nos
699 1459 822 1561 itaque
848 1461 992 1535 attentis
1015 1459 1227 1564 praedicto·

140 1563 479 1637 rumDominorum
499 1559 707 1638 huiusmodi
727 1565 1021 1667 expositionibus
1036 1605 1087 1635 -.-
1106 1608 1160 1629 -
1172 1610 1221 1620 ...

145 1669 254 1744 nobis
273 1667 401 1760 lactis,
417 1670 574 1770 visisque
588 1668 782 1772 praedictis
799 1671 948 1765 litteris,
973 1697 1042 1747 nec
1056 1699 1135 1750 uon
1148 1674 1224 1776 pri·

140 1773 281 1880 vilegiis
297 1773 522 1853 eorumdem.
535 1812 589 1833 ·-
612 1813 668 1864 —7
686 1814 739 1831 -
766 1779 1076 1881 continentisque
1097 1805 1224 1855 eanum

48 1968 54 1983 ·
141 1908 226 1958 sane
257 1882 470 1975 intellectis,
513 1884 594 1984 pia,
628 1900 729 1986 gratu
756 1900 795 1959 et
819 1883 958 1959 salubri
984 1884 1227 1963 medimnos-e-

142 1988 433 2081 considerantes,
470 1986 576 2090 quod
600 1988 777 2090 praedicti
802 1991 952 2065 Domini
980 1991 1027 2066 de
1052 1992 1226 2095 Capitulo·

140 2113 179 2175 et
201 2110 468 2196 consequenter
489 2095 640 2169 ecclesia
657 2099 821 2199 ipsorum
843 2097 882 2172 Β.
900 2095 1089 2174 Michaelis
1106 2095 1219 2173 Aret.

62 2259 64 2265 .
140 2217 371 2306 praenotata,
391 2201 489 2274 circa
512 2218 736 2302 praenotatas
755 2203 997 2304 possessiones
1014 2202 1164 2307 plerum
1182 2216 1224 2279 et

140 2309 270 2385 efficax
298 2309 357 2380 ios
374 2302 512 2382 babere
535 2305 849 2410 dignoscerentur3
875 2307 943 2383 bac
960 2308 1085 2410 itaque
1099 2309 1221 2385 eonsi-

137 2415 344 2505 donatione,
375 2438 445 2486 nec
476 2439 550 2486 uon
577 2415 746 2514 propriae
768 2430 807 2489 et
829 2414 919 2489 dicti
938 2413 1126 2516 quondam
1143 2415 1217 2489 sra-

141 2523 206 2596 tris
230 2519 349 2593 nostri
376 2513 600 2607 charissimi,
635 2519 757 2593 salutis
777 2522 912 2595 intuitu
934 2536 972 2595 et
996 2521 1218 2623 conoempla·

52 2617 79 2655 ‘'
138 2629 239 2703 tium
271 2649 318 2700 ex
342 2646 388 2701 oo
402 2623 543 2735 etiam,
579 2623 684 2723 quod,
711 2625 930 2725 praelibatus
952 2624 1066 2701 frater
1092 2636 1219 2704 noster

129 2769 192 2792 ....
219 2768 270 2785 -
297 2731 335 2803 in
352 2744 567 2830 praenotata
590 2731 739 2806 ecclesia
767 2774 818 2794 -
844 2768 898 2787 -·
924 2733 1045 2806 extitit
1062 2733 1220 2809 mmutsv

137 2855 207 2934 tus,
229 2845 267 2910 et
282 2858 350 2910 nos
368 2836 437 2937 ipsi
455 2836 492 2909 in
505 2834 633 2910 eadem
651 2838 847 2938 inspirante
867 2839 1031 2915 Domino
1043 2838 1218 2942 elegimus
1236 2890 1239 2894 -

135 2943 370 3049 sepulturam,
398 2938 528 3016 babitis
545 2943 739 3045 superinde
757 2969 842 3018 cum
860 2943 1030 3047 praefatis
1044 2944 1216 3021 Dominis

134 3052 182 3129 de
202 3044 374 3150 capitulo
391 3048 621 3141 tractatibus,
649 3048 971 3152 contractibusque
992 3049 1131 3144 lactis,
1145 3077 1214 3154 po·

47 3224 53 3239 ,
132 3155 326 3235 titionibus
352 3152 564 3229 salutaribus
592 3153 826 3258 infrascriptis
851 3154 1053 3260 praedictas
1071 3182 1213 3258 posses·

132 3268 254 3343 aiones
271 3261 422 3361 bolgar,
447 3259 631 3363 Cserged,
649 3261 794 3337 Diomal
812 3278 849 3338 et
860 3260 984 3338 Tinod
1006 3262 1113 3337 simul
1126 3288 1214 3339 cum

54 3421 58 3427 -
120 3397 258 3455 ,eanum
279 3363 493 3442 utilitatibus
517 3381 557 3441 et
581 3367 809 3471 &amentiis
826 3365 1037 3472 quibuslibe
1064 3404 1132 3427 ,...
1157 3406 1212 3425 «-

133 3479 242 3553 terris
265 3473 352 3570 (ete.
379 3487 420 3544 ut
444 3472 559 3572 stylus
576 3471 701 3569 babet)
729 3474 830 3549 omni
854 3500 901 3549 eo
918 3475 1017 3569 iure,
1044 3499 1121 3577 quo
1143 3499 1214 3576 per

12 3622 16 3627 ·
131 3585 272 3686 priores
299 3576 512 3693 eorumdem
540 3604 765 3683 possessores
794 3608 817 3655 a
843 3579 1012 3675 dudum,
1048 3605 1117 3683 per
1139 3606 1210 3655 nos

130 3714 220 3765 vero
245 3684 439 3779 hactenus,
475 3710 593 3787 usque
618 3682 752 3780 modo,
787 3713 888 3781 usae,
915 3702 1035 3762 tentae
1059 3703 1144 3763 sunt
1169 3703 1208 3761 et

129 3793 281 3870 filerunt
304 3822 440 3875 ·-·„···
465 3793 553 3865 totis
571 3793 682 3867 etiam
706 3809 745 3867 et
761 3796 900 3871 cunctis
920 3791 1081 3885 iuribus,
1114 3817 1211 3896 quae
1248 3893 1253 3902 ι

45 3918 49 3925 ’
129 3904 227 3977 circa
243 3895 389 3974 easdem
404 3893 594 3974 babtr'snus
620 3934 673 3954 -
699 3936 752 3955 -
773 3900 962 3985 ‚Ecclmiae
980 3900 1022 3974 Β.
1044 3897 1234 3991 blicbaen

126 4001 404 4109 lisArnbeugeli
427 4040 481 4063 -
509 4038 565 4067 -·
587 4018 951 4111 apmconsequem
968 4004 1139 4110 ῦφίωὶο
1155 4018 1209 4082 ,οι
