2708 4568
1130 323 1205 398 293

127 547 266 624 essent.
300 534 351 606 ita
370 549 412 605 ut
428 529 546 604 hostis
568 533 767 634 irruptioni
787 532 840 606 nit
858 527 1002 634 penitus
1027 533 1206 628 obstaret,

128 657 165 714 et
190 637 519 742 quintusdecimus
542 635 618 711 dies
636 638 822 740 praefatae
848 638 1056 714 obsidionis*
1076 641 1208 715 eluxis-

128 762 201 838 set,
229 770 319 818 mox
340 769 464 816 caesar
485 745 581 844 ipse,
612 743 731 818 adhuc
750 745 924 819 rutilante
940 773 1095 838 aurora,
1121 772 1209 820 cun·

118 869 224 925 'ctam
249 851 365 952 gentis
390 874 474 922 suae
498 848 786 942 multitudinem,
821 851 1040 952 pulsantium
1070 871 1210 955 tympa-

128 982 283 1049 norum,
313 954 578 1057 tubarumque,
601 953 684 1029 hinc
700 956 783 1031 inde
800 962 1046 1031 resonantium
1061 962 1100 1030 in
1118 986 1210 1034 voce

130 1062 349 1150 commovit,
368 1057 599 1162 furiosoque
626 1064 662 1133 in
687 1064 824 1167 impetu
848 1061 944 1136 idem
970 1073 1128 1138 castrum
1150 1068 1211 1169 ag·

129 1194 273 1271 gressus
296 1184 349 1241 est
360 1222 371 1259 ,
389 1178 441 1241 'ac
464 1184 651 1259 cruentam
670 1195 737 1269 per
760 1167 908 1244 caedem
930 1170 1022 1242 illius
1040 1189 1211 1274 penetra-

130 1279 183 1347 vit
207 1276 246 1346 in
269 1271 442 1346 medium.
468 1286 523 1328 '·-
547 1298 602 1329 -’-
620 1276 800 1349 Dominus
821 1301 910 1349 vero
930 1277 1061 1350 Comes
1085 1279 1212 1367 Bistri·

132 1382 247 1454 censis
271 1378 329 1455 hic
344 1381 468 1472 minis',
489 1378 560 1472 hic,
583 1398 857 1484 utpugnarent,
878 1383 1038 1455 instabat
1053 1375 1211 1457 monitis.

131 1486 286 1569 Michael
314 1510 463 1588 quoque
488 1487 644 1588 Szilagyi
664 1491 880 1591 Capitonem
901 1507 938 1563 et
956 1489 1146 1565 Ladislaus
1167 1489 1221 1568 de.

130 1594 263 1667 Kanisa
281 1592 599 1667 iuvenes'militari
624 1596 759 1668 virtute
785 1611 1029 1696 praestantes,
1065 1613 1103 1671 et
1119 1598 1223 1694 acies

129 1715 371 1788 armatorum,
399 1718 491 1798 quos
509 1701 619 1771 Dom.
638 1701 768 1771 Comes
793 1698 998 1773 adduxerat
1017 1727 1101 1774 cum
1121 1702 1212 1798 illis,

128 1813 197 1880 nec
216 1832 292 1878 non
310 1819 347 1877 et
367 1804 509 1902 agmina
530 1805 904 1904 crucesignatorum,
934 1804 1062 1880 dirutis
1082 1825 1214 1883 stantes

130 1913 238 1986 castri
263 1912 300 1980 in
329 1907 549 2010 parietibus,
584 1911 759 1992 atrociter
779 1910 997 2014 pugnabant.
1021 1949 1073 1967 ·-
1097 1913 1214 1987 Fune'·
1289 1949 1320 1990 ,-

130 2017 197 2091 bre
215 2016 412 2117 renovatur
430 2030 623 2088 certamen.
643 2049 698 2068 -
717 2003 750 2091 N
753 2041 795 2089 ec
816 2017 919 2090 abest
940 2019 1114 2092 auxilium
1130 2020 1228 2094 Dei.¹

129 2125 228 2198 Nam-
239 2145 328 2193 mox
339 2125 481 2204 ,cuncta
490 2120 692 2214 Tartarum
713 2123 854 2228 agmina
871 2137 947 2204 ‚tam
964 2120 1109 2215 fortem,
1128 2120 1216 2198 tain-

96 2262 99 2267 ·
130 2255 202 2332 que
234 2228 436 2300 animosum
462 2226 721 2331 Hungarorum
735 2308 738 2312 ,
745 2254 813 2333 per
839 2233 1014 2331 impetum
1048 2228 1214 2325 turbata,
1300 2320 1305 2327 ι

131 2360 233 2432 versa
260 2347 345 2406 sunt
370 2334 408 2404 in
429 2331 557 2437 fugam.
592 2332 755 2439 Hungari
771 2361 882 2440 ergo,
902 2335 1135 2418 *animositate
1150 2362 1229 2413 re-'
1304 2374 1308 2381 ¹

129 2458 246 2538 sumta
265 2454 303 2512 et
323 2436 432 2541 quasi
446 2465 544 2515 novo
563 2443 746 2543 potentiae
766 2444 897 2544 spiritu
916 2441 1066 2516 coelitus
1086 2440 1214 2534 adiuti,

130 2549 167 2620 in
189 2572 253 2622 ore
272 2545 383 2648 gladii
401 2550 586 2649 ‘persecuti
605 2564 688 2621 sunt
708 2548 791 2622 illos
811 2542 965 2640 tamdiu,
988 2546 1106 2624 donec
1125 2546 1214 2623 cun·

130 2671 209 2729 ctae
229 2651 434 2744 machinae,
464 2659 679 2757 caeteraque
696 2656 897 2747 tormenta,
919 2679 986 2755 per
1005 2655 1087 2730 illos
1105 2646 1226 2730 castri·
1327 2663 1334 2671 '

130 2759 175 2834 ad
203 2760 344 2834 ruinam
377 2754 539 2833 adhibita
567 2787 719 2861 quorum
748 2778 831 2835 sunt
854 2760 993 2836 nudata
1028 2754 1256 2850 custodiis¹¹

129 2867 280 2940 —Nec
303 2863 375 2937 diei
399 2860 552 2940 durante
580 2867 661 2941 luce
678 2860 868 2940 ¹cessatum
895 2884 983 2942 esta
1004 2866 1121 2962 bello',
1137 2861 1248 2955 aeds.1
1279 2874 1283 2887 '

128 2971 240 3065 illud,
278 2968 382 3073 quod
410 2971 512 3071 prius
536 2975 644 3072 castri
671 2973 781 3045 arctis
811 2974 850 3044 in
872 2974 997 3074 plateis
1019 2973 1214 3079 agebatur,
1238 2956 1248 2985 ³

129 3079 202 3153 lato
222 3094 349 3182 postea
372 3078 411 3148 in
437 3100 566 3180 campo
594 3077 762 3168 interim,
791 3071 917 3151 ¹<lontio
938 3105 1020 3153 nox
1043 3085 1225 3182 superse·¹
1331 3127 1336 3136 -

129 3187 231 3258 niens
250 3200 448 3285 utrumque
466 3180 604 3258 hosteni
624 3206 688 3257 sua
708 3179 883 3264 disiunxit
907 3185 1077 3288 caligine,
1095 3185 1222 3286 multa·

130 3300 220 3365 c'um'
242 3293 432 3366 severitate
460 3291 579 3366 extitit
607 3289 870 3372 continuatum.
907 3284 1073 3381 Qualiter
1092 3282 1225 3369 autern*

130 3423 252 3472 caesar
279 3397 358 3499 ipsa
386 3395 578 3498 profundis
608 3392 773 3477 eiusdem
805 3397 923 3477 noctis
953 3392 1022 3471 sub
1035 3392 1041 3499 ’γ
1051 3394 1214 3495 tenebris

130 3521 249 3579 castro
269 3503 314 3576 de
334 3503 403 3578 sub
429 3504 561 3579 eodem
579 3504 663 3606 fuga
689 3504 807 3603 lapsus
825 3503 890 3594 sit,
906 3526 911 3533 ·
926 3524 994 3604 pro
1022 3516 1227 3611 comperto,

112 3607 242 3688 ,habet
262 3608 383 3687 dicere
401 3610 512 3686 nemo
531 3628 600 3685 etc.
627 3611 681 3685 Ita
696 3608 921 3685 Thuroczius
941 3611 964 3682 l.
985 3620 1016 3684 c:
1040 3632 1118 3713 cap.
1131 3596 1213 3712 LV}

131 3718 343 3792 consonant
358 3716 595 3811 Taliacatius,
625 3717 737 3819 ipsius
757 3711 905 3818 pugnae
917 3726 1100 3818 spectator
1114 3716 1214 3790 ¹Ann.

130 3824 227 3925 Pray
244 3825 282 3897 Ρ.
301 3822 364 3906 ΙΙΙ.
388 3849 468 3926 pag.
489 3827 576 3895 tta.
596 3847 678 3926 sqq.
712 3822 916 3919 Laconicus
943 3813 1042 3929 apud
1066 3817 1217 3922 S'trittdr

129 3929 152 4002 l.
172 3954 204 4003 c.
223 3956 257 4030 p.
281 3932 367 4031 754.
387 3956 469 4039 sqq.
507 3925 707 4032 Dlugossus
728 3929 753 4000 l.
774 3944 812 4001 c.
828 3927 900 4002 col.
920 3932 1143 4009 tas-tas.
1163 3918 1226 3980 -'
1284 3972 1289 3979 -

130 4033 423 4112 Bonlinius'Dec.
446 4034 622 4140 epistolae
642 4034 792 4110 Joannis
808 4030 1012 4137 capistranl
1040 4034 1086 4110 ad
1103 4032 1215 4112 Calli·
