2708 4568
206 251 299 382 'ats
425 306 430 316 ·

217 523 445 614 clandestina
473 525 631 632 quadam·
651 528 863 631 eruptione,
885 521 1030 626 cipibus
1049 517 1229 610 transitio,
1252 539 1310 591 re-

216 634 286 736 ·'gni
297 633 503 737 Hungariae
517 626 769 710 Transiiiauas
789 631 903 705 irruit
914 632 952 704 in
973 642 1100 702 terras.
1116 626 1217 700 Gens
1230 648 1310 696 cru·

223 739 314 813 dctis
333 755 371 812 et
394 746 527 815 cuncta
554 738 742 815 offendere
766 737 891 831 sorita,
927 752 1116 838 quaequae
1145 729 1218 805 sibi
1246 753 1310 802 oci

143 871 146 875 ’
225 845 444 942 currebant,
472 849 606 950 pietatc
626 845 760 949 absque
782 842 923 948 aliqua,
950 843 1108 945 ignis-‘et
1121 830 1216 910 'ferri
1234 839 1310 908 vim

219 949 458 1047 adhibendo,
490 957 611 1029 omnia
637 953 821 1046 vastab'at3
858 960 1027 1050 aetasque
1054 956 1116 1017 aut
1143 941 1310 1018 conditio

220 1060 382 1159 cuipiam
401 1059 559 1162 aliquam
573 1063 652 1136 'tion
670 1058 897 1141 ministrabat
915 1049 1191 1131 redemtionem.
1206 1050 1311 1122 Hanc

148 1165 152 1172 '
220 1161 402 1240 funestun
421 1166 585 1247 eiusdem
603 1168 789 1242 exercitus
809 1166 1020 1239 Turcoru'm
1047 1175 1129 1232 ante
1147 1157 1312 1258 eruptio·

220 1273 448 1375 ttetn'paucis
464 1271 598 1354 'diebus
616 1277 661 1349 D.
673 1275 832 1348 Joannes
843 1269 1006 1346 Vairoda‘
1024 1269 1061 1341 in
1081 1267 1175 1367 ipsas
1194 1279 1312 1336 trans·

225 1378 362 1479 alpinas
382 1384 502 1480 partes
521 1392 687 1474 venerat,
713 1379 881 1480 adi-tatum
901 1379 1048 1452 'civitate
1067 1370 1222 1449 Albensi
1237 1367 1311 1441 vul·
1343 1387 1345 1393 '

222 1485 305 1599 gari
322 1483 503 1560 vocabulo
513 1482 851 1594 Gywla-Fejerwar
870 1491 1012 1575 vocata,
1032 1476 1124 1582 quid
1145 1474 1192 1548 de
1211 1473 1311 1549 hosts

223 1589 385 1683 faceret,
413 1592 678 1694 cogitabundus
695 1590 1034 1695 praemeditabatur.
1064 1616 1116 1639 ·-
1138 1581 1312 1657 Subitum

222 1697 326 1770 enim
344 1700 434 1771 tanti
453 1699 591 1775 inimici
608 1718 760 1803 propter
779 1701 993 1790 adrentum,
1012 1693 1134 1794 copias
1154 1686 1326 1796 adunare¹

134 1833 136 1838 ·
222 1815 267 1876 'et
284 1802 339 1874 itti
350 1822 570 1907 occurrere,
591 1809 662 1882 sibi
680 1811 829 1882 omnino
847 1803 1055 1907 negabatur.
1069 1800 1314 1901 'Quapropter
1332 1846 1335 1851 ·

222 1910 385 1983 maxima
404 1910 644 2013 ¹premebatur
661 1917 872 2007 anxietate,
904 1915 955 1986 ita
982 1928 1023 1984 ut
1050 1924 1114 1981 ora
1144 1902 1243 1976 iilius
1266 1924 1314 1972 ex

100 2092 103 2099 .
225 2016 419 2089 nimiarum
440 2019 704 2122 cogitationum
723 2022 880 2124 impulsu
898 2027 1181 2100 marcescerent,
1201 2025 1247 2083 ct
1263 2005 1313 2078 Ιειὁ

218 2119 290 2197 'bie
309 2121 572 2202 scinderentur.
602 2129 725 2217 Quum
745 2143 865 2202 autem
883 2126 951 2226 ipsi
968 2122 1081 2195 Tucci
1098 2115 1223 2192 multis
1238 2117 1315 2188 ‘iam

182 2240 185 2250 ’
221 2226 318 2303 'dicti
335 2229 562 2304 Transi'lrani
589 2236 665 2336 agri
681 2232 845 2338 partibus
864 2227 1315 2336 percursant-‚angerem

120 2437 122 2439 ι
222 2334 400 2437 'praedam
417 2333 627 2433 hominum,
645 2338 846 2443 rerumque
862 2347 904 2412 ac
923 2352 1098 2439 pecorum
1115 2331 1313 2418 natantes,

228 2441 346 2545 dictae
367 2443 503 2518 civitati
517 2442 670 2519 Albensi
686 2451 934 2551 propinguum
950 2442 997 2516 ad
1018 2454 1187 2542 campum
1207 2456 1316 2511 veste-

211 2564 317 2622 runt
335 2551 408 2642 sic,
448 2566 490 2621 ut
509 2551 695 2644 incendia,
733 2553 871 2639 fumum
889 2551 1110 2637 eructantia,
1131 2540 1221 2617 'illos
1240 2567 1315 2614 non

228 2671 371 2728 remote
393 2679 472 2729 esse
490 2670 727 2753 testarentur3
755 2659 937 2731 Dominus
955 2653 1118 2730 Vaivoda
1136 2652 1316 2739 Joannes,

228 2758 318 2834 alios
345 2763 521 2841 sustinere
551 2763 692 2858 valona,
726 2791 765 2840 se
790 2765 970 2839 sustinere
996 2759 1184 2863 nequivit,
1222 2755 1317 2856 quin

225 2867 327 2941 ⁴totus
357 2867 636 2944 excandesceret
665 2874 702 2944 in
728 2866 946 2966 ‘vindictam3
984 2873 1087 2942 tanto
1115 2863 1215 2938 hosti
1245 2858 1316 2935 ob·

228 2969 401 3047 'viandum
420 2999 494 3052 esse
514 2972 658 3071 statuit,
690 2979 920 3081 militumque
947 2976 1065 3050 minus
1093 2968 1317 3073 congruasin

228 3081 400 3154 comitiva
420 3079 665 3177 conflicturus,
690 3085 861 3187 prosiluit
878 3087 917 3156 itt
933 3075 1016 3158 'cam
1043 3107 1114 3154 um.
1140 3079 1231 3152 Erat
1248 3079 1318 3152 eis·

228 3183 315 3260 dem
333 3187 372 3259 in
392 3184 521 3262 diebus
538 3190 740 3293 Episcopus
757 3182 909 3265 civitatis
932 3109 1105 3281 eiusdem,
1124 3183 1239 3260 homo
1258 3181 1318 3257 dc·

229 3293 343 3366 centis
370 3297 615 3388 reverentiae,
642 3298 680 3370 in
709 3288 819 3372 rebus
846 3313 968 3371 tamen
992 3297 1062 3371 rite
1088 3290 1239 3397 agendis
1255 3312 1317 3364 ve

226 3394 389 3494 hemens,
417 3417 454 3472 et
471 3398 531 3474 hic
543 3402 664 3504 'ipsum
682 3405 882 3478 Dominum
901 3402 1103 3480 Vaivodam
1122 3400 1317 3474 comitatus

139 3520 153 3593 j
228 3518 294 3608 est.
333 3505 764 3612 Progredientesigitur,
795 3522 908 3612 quum
923 3511 1058 3584 incauti
1082 3505 1131 3581 ad
1148 3514 1318 3606 campunt

229 3610 335 3711 ‘villae
346 3610 384 3686 S.
402 3614 561 3686 Emerici
576 3634 833 3716 pervenerunt,
850 3617 973 3691 subito
988 3629 1139 3712 cunctae
1159 3629 1317 3686 ctrcum·

166 3723 168 3728 '
228 3715 432 3791 adiacentes
451 3719 559 3795 valles
575 3721 732 3824 ingentia
753 3722 912 3798 hostium
933 3722 1086 3826 agmina,
1108 3721 1147 3793 in
1165 3715 1319 3793 abscon·

229 3822 308 3901 dito
334 3824 503 3920 latentia,
541 3830 793 3905 tantummodo
817 3831 930 3932 ipsius
958 3827 1107 3904 Domini
1126 3822 1317 3899 Vaivodac

228 3928 426 4003 adventum
452 3938 717 4037 exspectantia,
755 3961 795 4012 se
814 3935 1033 4012 effuderunt.
1062 3929 1169 4023 Quid
1192 3927 1316 4005 ultra?

73 4122 105 4147 κη
224 4021 312 4137 ipse
327 4035 690 4125 DominusVaivoda
715 4039 884 4147 campum
903 4044 1094 4135 descrere,
1118 4041 1316 4146 'imparem-
