2708 4568
1135 324 1226 401 319·

128 535 334 640 ilungariae
359 528 576 634 praedietis,
611 544 767 608 cunctos
795 547 1023 627 caeterorum
1049 529 1212 612 eiusdem
1275 603 1282 620 ,

126 639 285 718 Ladislai
319 641 413 742 regis
441 663 640 740 regnorum
660 640 755 715 inter
778 642 959 743 primores
980 643 1105 718 locum
1123 645 1211 717 emi-

127 750 334 823 nentiorem
356 742 469 836 dedit,
491 758 529 818 et
546 768 613 819 rex
635 746 710 846 ipse
729 770 813 819 suos
827 749 983 849 pueriles
1004 751 1043 822 in
1062 751 1210 822 illorum

130 856 336 957 aspectione
369 849 565 950 depascens
594 851 741 943 oculos,
768 852 971 927 ‘tantorum
1003 856 1210 958 magnatum

129 958 334 1035 laetabatur
355 955 400 1058 de
420 955 565 1048 favore3
586 959 768 1045 consumti
782 974 868 1033 sunt
890 957 975 1034 ideo
998 976 1120 1035 tantae
1140 986 1213 1035 cu·

130 1067 298 1140 rialitatis
318 1067 357 1137 in
375 1061 516 1137 bonore
543 1060 619 1134 dies
645 1060 811 1163 plurimi,
849 1062 916 1139 ubi
937 1081 975 1140 et
998 1069 1107 1142 Dom.
1132 1068 1212 1139 Gu·
1336 1133 1339 1139 .

131 1171 309 1246 liernetor
334 1195 425 1245 onus
448 1169 505 1242 sui
529 1166 661 1259 officii,
687 1169 880 1269 quodiam
902 1187 990 1247 octo
1012 1199 1080 1275 per
1097 1163 1214 1248 annos

131 1277 230 1353 lolici
259 1275 454 1379 gestamine
491 1272 697 1367 direxerat,
734 1293 943 1376 sponte
972 1282 1137 1377 lenuit,
1174 1291 1214 1350 et

131 1381 336 1459 MCDLIII.
358 1385 511 1476 instante
529 1381 679 1454 Domini
697 1407 815 1474 anno,
835 1409 990 1486 regnum
1005 1385 1216 1488 Huugariae

82 1551 84 1554 ,
133 1490 411 1594 sanguinolentis
435 1488 530 1579 suis,
558 1513 780 1589 suorumque
801 1487 1009 1584 laboribus,
1038 1491 1138 1567 omni
1157 1491 1213 1564 in·

131 1594 288 1689 dustria,
310 1591 558 1686 sollieitudine
576 1609 614 1666 et
629 1591 771 1669 bellicis
787 1595 927 1669 artibus
943 1611 1215 1696 praeservatum

129 1705 210 1806 re‘gi
235 1700 403 1778 Ladislao
428 1697 598 1770 restituit.
639 1698 796 1798 Propter
819 1698 920 1798 quod
938 1703 1013 1800 ipse
1030 1701 1213 1777 Ladislaus
1330 1731 1332 1736 ·

130 1812 249 1913 ipsum
265 1810 374 1881 Dom.
395 1801 708 1893 Gubernatorem,
748 1818 957 1880 exacturum
978 1807 1215 1880 victoriarum

130 1915 255 2018 longas
275 1910 376 1986 orbis
395 1933 463 2008 per
482 1932 564 1980 oras
580 1905 719 1983 dillusis
737 1908 868 1981 inolitis
881 1913 1098 2010 praeconiis,
1113 1937 1215 2014 prae·
1246 1917 1248 1921 ’

129 2020 376 2116 stantiumque
387 2011 658 2120 operumlaude·
671 2012 790 2116 ¹dignis
804 2015 942 2090 meritis
958 2041 1044 2118 erga
1061 2044 1098 2092 se
1116 2043 1215 2093 eom·

129 2123 359 2214 mandatum,
387 2120 460 2194 alto
487 2119 526 2191 in
549 2118 656 2213 lano,
677 2121 788 2221 regali
806 2146 955 2224 quoque
976 2123 1013 2194 in
1028 2120 1156 2197 habitu
1177 2139 1215 2197 et
1309 2154 1313 2161 ·

131 2231 330 2308 Maiestatis
359 2252 442 2301 suae
463 2226 502 2298 in
524 2224 667 2302 throno<
682 2227 831 2322 sedens,
868 2229 1116 2315 assistentibus
1140 2227 1213 2303 sibi

132 2333 431 2439 quampluribus
458 2331 628 2425 ducibus,
658 2331 930 2437 marchionibus
955 2358 997 2408 ac
1017 2361 1216 2438 regnorum

132 2470 282 2518 suorum
300 2442 466 2545 praelatis
487 2456 524 2513 et
543 2438 765 2530 baronibus,
792 2445 1022 2544 magnacum
1041 2441 1214 2517 solemni·

133 2565 224 2644 tate,
263 2551 302 2622 in
325 2549 499 2625 comitem
526 2538 744 2649 perpetuum
762 2547 1017 2622 B'istricensem
1043 2547 1214 2621 sublima·

133 2657 202 2750 vit,
243 2671 281 2730 et
309 2655 520 2758 'temporalis
538 2653 812 2757 gubernationis
833 2652 1047 2760 dignitatem
1071 2652 1215 2758 praedi·

133 2778 227 2836 ctam
236 2816 250 2854 ,
270 2788 381 2861 quam
397 2785 514 2861 usque
531 2777 620 2836 tunc
640 2761 712 2845 suis
730 2761 867 2836 meritis
883 2777 921 2835 et
939 2762 1042 2864 regni
1064 2762 1216 2838 necessi-

96 2898 107 2904 ··
134 2884 205 2942 tate
224 2869 390 2969 exigente
406 2883 582 2958 tenuerat,
601 2869 639 2939 in
654 2883 872 2970 perpetuam
887 2870 1125 2943 commutavit
1136 2867 1218 2944 bae·

131 2972 333 3075 reditatem.
367 2974 570 3058 Armorum
590 2997 742 3073 quoque
765 2972 944 3075 insigniis,
972 2989 1059 3074 puta
1079 2997 1214 3066 corvo,

131 3082 326 3184 gestamine
343 3078 467 3153 annuli
486 3074 531 3151 cle
552 3079 679 3150 colore
698 3074 812 3156 flaveo
834 3079 872 3152 in
894 3077 1026 3179 clypeo
1045 3074 1214 3180 depicto,

133 3213 227 3290 quae
244 3189 319 3290 ipse
337 3188 383 3258 D.
401 3187 532 3259 Comes
548 3208 666 3284 usque
685 3199 772 3259 tunc
788 3200 1009 3287 gestaverat,
1030 3181 1098 3256 alia
1117 3184 1214 3258 clara

130 3294 303 3396 insignia,
340 3290 497 3365 rubeum
516 3288 654 3363 seilicet
682 3288 846 3382 leonem,
884 3313 1059 3366 coronam
1087 3291 1216 3393 ungui·

130 3394 200 3474 bus
225 3423 356 3501 rapere
382 3396 586 3489 volentem,
615 3395 699 3469 albo
724 3397 761 3469 in
781 3413 887 3472 scuto
908 3394 1133 3498 descriptum
1158 3420 1217 3471 su·

129 3503 356 3606 peraddidit,
394 3518 433 3576 et
459 3504 607 3577 maioris
629 3500 862 3577 excellentiae
887 3516 925 3576 et
946 3499 1129 3602 dignitatis
1148 3526 1242 3605 pro'

129 3612 271 3687 bonore
301 3607 468 3683 eumdem
490 3607 534 3680 D.
554 3609 737 3697 Comitem
758 3609 1028 3684 Bistrieiensem
1055 3607 1218 3710 insigniis

128 3716 268 3793 eisdem
286 3714 487 3791 adornavit.
523 3716 681 3788 Peractis
707 3713 853 3789 tandem
878 3737 1010 3816 magno
1034 3737 1119 3786 cum
1134 3739 1222 3817 gau,-
1311 3714 1337 3735 '‘

119 3824 192 3898 uio
212 3824 353 3898 etrnetis
372 3823 483 3922 ipsius
500 3819 762 3896 sublimationis
782 3819 1010 3910 ceremoniis,
1033 3815 1132 3896 idem
1153 3839 1242 3893 rex‘
1300 3812 1308 3829 ³
1335 3826 1339 3834 “

86 3921 89 3928 ’
129 3929 317 4004 Ladislaus
344 3924 515 4000 eumdem
537 3928 738 4001 Dominum
758 3928 959 4014 Comitem,
985 3921 1109 3999 multis
1136 3938 1216 4026 mu·

127 4035 277 4113 neribus
300 4050 342 4112 et·
361 4031 522 4111 donatis
542 4033 654 4135 regali
673 4032 837 4138 largitate
856 4029 1095 4123 honoratum,
1125 4057 1213 4107 uua·
