2708 4568
139 284 214 361 226

60 537 64 552 ·
137 502 207 583 tiae
234 495 396 599 undique
421 511 589 593 coactum
625 493 761 591 robur,
807 483 982 571 necnon
1013 497 1221 601 octuaginta

136 605 248 680 millia
268 603 476 696 hominum,
512 618 623 705 prout
643 601 689 676 de
719 599 792 678 hoc
818 617 919 678 certa
935 602 1115 679 relatione
1132 601 1221 677 edo·

136 714 188 789 cti
207 734 347 805 sumus,
369 709 440 790 sub¹
454 707 642 784 conductu
658 710 799 804 Bassae,
818 710 875 783 sui
892 707 1064 785 videlieet
1084 709 1221 811 princi·

136 819 226 919 palis
254 823 351 890 vices
379 818 553 921 gerentis,
583 816 699 889 >armis
726 831 765 903 et
790 827 945 891 numero
972 816 1220 912 instruxisset3

133 929 286 1028 ipseque
296 925 407 997 'Bassa
427 919 632 1011 huiusmodi
650 930 815 996 atrocem
843 938 880 996 et
899 917 1051 996 acerbae
1069 922 1219 998 ultionis

134 1033 314 1105 minacem
336 1031 539 1105 exercitum
557 1029 595 1101 in
612 1028 736 1130 primis
760 1053 829 1132 per
844 1029 964 1132 partes
981 1029 1219 1129 transalpinas

134 1136 322 1230 ductaret,
352 1161 395 1210 ea
420 1159 570 1238 quoque
583 1133 662 1239 fere
685 1150 762 1208 tota
782 1149 940 1228 vastata,
966 1135 1221 1236 amplissimam

133 1241 323 1317 hominum
349 1257 386 1316 et
404 1252 531 1316 rerum
550 1238 723 1341 praedam
743 1238 917 1338 referret,
943 1240 1137 1315 intendens
1158 1239 1221 1316 de·

46 1347 53 1375 ‘
133 1348 259 1437 hince
283 1349 432 1450 vestigio
450 1348 488 1420 in
505 1345 708 1448 praedictas
728 1346 1010 1447 partes-nostras
1030 1348 1220 1422 transilva-

132 1481 197 1531 nas
222 1469 382 1542 uastatur
406 1450 605 1526 succedere
612 1480 622 1546 3
659 1460 863 1556 praetactas
879 1454 1038 1528 Joannes
1054 1453 1221 1530 Vaivoda
1253 1458 1261 1464 ’

108 1560 351 1665 aggregatis,
380 1559 515 1662 quihus
538 1560 680 1662 potuit,
706 1558 894 1662 gentibus,
923 1561 1110 1634 inimicam
1126 1561 1221 1637 mul·

71 1718 84 1730 2
132 1661 346 1761 titudinem,
375 1665 482 1769 longe
500 1680 538 1754 et
555 1668 672 1768 impar
694 1692 848 1742 numero
872 1658 1053 1770 adusque
1076 1669 1219 1743 illarum

131 1775 292 1879 partium
312 1789 473 1847 extrema
490 1789 719 1874 persecutus,
749 1773 808 1847 vel
823 1773 1043 1848 vincendum
1067 1775 1126 1851 vel
1141 1787 1220 1850 mo·

104 1892 109 1901 '
130 1879 303 1954 siendum
326 1880 470 1973 statuit3
504 1876 678 1954 hisvero
706 1893 788 1952 suas
820 1896 935 1973 artes,
961 1878 1219 1981 fortitudinem
1245 1921 1247 1926 >

132 2005 170 2061 et
186 1985 355 2060 bellicam
381 1983 598 2059 industriam
624 2009 776 2087 eernere
801 2003 901 2080 erat,
926 1979 1103 2062 invadere
1119 1989 1218 2063 enim

131 2092 294 2186 hostem,
324 2118 434 2194 quam
449 2090 700 2191 invadisatius'
715 2090 1056 2184 dueens,'·arduum
1081 2111 1120 2170 et
1143 2123 1219 2168 ma·

132 2226 243 2301 gnum
262 2184 303 2275 ab
320 2214 471 2281 suorum
495 2196 633 2271 viribus
657 2197 764 2300 longe
784 2199 901 2301 impar
919 2197 1057 2275 bellum
1068 2199 1219 2277 sortiter
1244 2211 1247 2214 ⁴

131 2300 319 2409 suscepits
339 2331 414 2407 quo
430 2302 632 2405 prudenter
650 2300 919 2398 administrato,
937 2304 1218 2410 felicissimeque

133 2429 235 2514 gesto
258 2428 294 2484 et
311 2411 496 2502 confecto,
517 2413 663 2483 aeterna
680 2406 787 2482 laude
806 2411 1086 2487 memorabilem
1101 2416 1220 2489 vieto·

133 2521 224 2593 riam
247 2516 451 2620 reportavit
459 2544 469 2608 3
497 2516 536 2587 in
555 2541 628 2617 qua
651 2540 692 2589 re
708 2531 745 2588 et
769 2517 1053 2622 antiquagentis
1072 2520 1220 2623 Hungaf

133 2627 210 2699 riae
226 2624 376 2726 gloria,
415 2621 582 2722 famaque
606 2618 749 2694 reddita
775 2638 830 2696 est
839 2645 855 2717 ,¹
871 2655 872 2658 ¹
886 2642 923 2698 et
950 2647 1218 2725 suumxnomen

134 2730 306 2804 omnibus
324 2730 361 2800 in
380 2727 482 2800 locis„
499 2751 547 2822 eu¹
561 2724 661 2800 facto
678 2728 835 2823 maxime
852 2730 1076 2806 celebratum
1090 2732 1217 2824 eximii

134 2834 322 2926 cuiusdam
340 2830 513 2934 triumphi
531 2832 693 2936 speciem
717 2831 901 2910 exhibuit:
935 2835 1014 2910 fusa
1040 2839 1137 2935 enim
1162 2840 1218 2911 in·

134 2934 369 3027 numerabilis
400 2939 597 3042 multitudo
634 2936 812 3034 bostium,
852 2942 1082 3018 moribundis
1110 2944 1219 3048 longe

30 3130 33 3137 .
135 3049 279 3151 lateque
292 3044 533 3122 cadaveribus
550 3046 810 3150 amplissimum
829 3050 1033 3142 certaminis
1048 3064 1220 3153 eampum

15 3172 18 3177 ’
134 3152 319 3246 tabefecit,
340 3149 573 3227 indelebilem
586 3155 726 3228 cunetis
736 3154 886 3230 saeculis
894 3156 1118 3232 miserandae
1134 3180 1218 3233 suae

135 3259 249 3335 cladis
262 3258 710 3361 historiamrelinquans,
736 3260 1058 3348 innumerabilibus
1081 3261 1219 3338 ibidem
1246 3261 1252 3272 ’

118 3366 295 3443 bostium
311 3363 511 3441 maioribus
525 3366 564 3439 in
580 3367 832 3466 captivitatem
838 3367 1014 3461 redactis,
1043 3370 1233 3473 amplissi.

24 3475 28 3486 '
135 3475 274 3577 misque
298 3470 479 3547 thesauris
490 3488 528 3545 et
551 3471 651 3545 omni
666 3474 829 3574 pretiosa
856 3477 1038 3550 exereitus
1061 3476 1217 3579 supelle·

29 3608 33 3617 ²
130 3574 269 3675 'ctilissin
286 3566 463 3683 praedam*
470 3594 687 3678 ‘nostrorum
702 3577 870 3664 ⁴detentis
888 3598 924 3656 et
939 3581 1102 3657 'divisia“
1117 3583 1217 3688 Dipt

134 3712 205 3762 uro
213 3686 328 3762 LXII.
337 3683 426 3760 Ideo
432 3685 626 3762 Ambrates
644 3682 690 3779 ad
704 3711 832 3789 paeem
847 3687 1040 3790 petendam
1055 3688 1216 3769 coactus

192 3864 196 3872 ⁵
238 3879 351 3956 Anno
377 3883 490 3953 1443.
516 3879 643 3952 aetatis
671 3845 731 3953 57¹.r
756 3908 845 3983 pace
869 3886 1068 3961 insolenter
1093 3889 1219 3967 oblata

134 3988 289 4078 reiecta,
325 3985 424 4064 idem
451 3987 615 4061 ,loannes
636 3984 684 4083 de
708 3988 873 4089 Hunyad-
894 3988 1042 4069 theatro
1064 3993 1155 4072 belli
1181 3999 1218 4073 in

133 4088 314 4170 hosticum
326 4147 349 4189 a..
371 4092 576 4196 tulga-iam
604 4092 742 4211 quippe
762 4093 954 4194 traducto,
981 4099 1219 4183 victorinam
