<?xml version="1.0" encoding="UTF-8"?>
<!DOCTYPE html PUBLIC "-//W3C//DTD XHTML 1.0 Transitional//EN"
    "http://www.w3.org/TR/xhtml1/DTD/xhtml1-transitional.dtd">
<html xmlns="http://www.w3.org/1999/xhtml" xml:lang="en" lang="en">
 <head>
  <title>
</title>
<meta http-equiv="Content-Type" content="text/html;charset=utf-8" />
  <meta name='ocr-system' content='tesseract 3.04.00' />
  <meta name='ocr-capabilities' content='ocr_page ocr_carea ocr_par ocr_line ocrx_word'/>
</head>
<body>
  <div class='ocr_page' id='page_1' title='image "./genusincunabula00fejgoog_0270.png"; bbox 0 0 2708 4568; ppageno 0'>
   <div class='ocr_carea' id='block_1_1' title="bbox 1154 248 1326 375">
    <p class='ocr_par' dir='ltr' id='par_1_1' title="bbox 1154 248 1326 375">
     <span class='ocr_line' id='line_1_1' title="bbox 1154 248 1326 375; baseline -0.012 0"><span class='ocrx_word' id='word_1_1' title='bbox 1154 302 1232 375; x_wconf 75' lang='lat' dir='ltr'>ars</span> <span class='ocrx_word' id='word_1_2' title='bbox 1324 248 1326 253; x_wconf 33' lang='lat'>⁵</span> 
     </span>
    </p>
   </div>
   <div class='ocr_carea' id='block_1_2' title="bbox 107 495 1345 4157">
    <p class='ocr_par' dir='ltr' id='par_1_2' title="bbox 107 495 1345 4157">
     <span class='ocr_line' id='line_1_2' title="bbox 114 495 1233 610; baseline 0.004 -22"><span class='ocrx_word' id='word_1_3' title='bbox 114 544 129 588; x_wconf 87' lang='grc'>,·</span> <span class='ocrx_word' id='word_1_4' title='bbox 144 495 335 593; x_wconf 83' lang='lat' dir='ltr'>armorum</span> <span class='ocrx_word' id='word_1_5' title='bbox 358 500 545 610; x_wconf 72' lang='lat' dir='ltr'>praesidiis</span> <span class='ocrx_word' id='word_1_6' title='bbox 564 518 603 581; x_wconf 87' lang='lat' dir='ltr'>et</span> <span class='ocrx_word' id='word_1_7' title='bbox 620 503 770 582; x_wconf 88' lang='lat' dir='ltr'>militari</span> <span class='ocrx_word' id='word_1_8' title='bbox 790 497 902 581; x_wconf 83' lang='lat' dir='ltr'>manu</span> <span class='ocrx_word' id='word_1_9' title='bbox 920 505 1106 607; x_wconf 80' lang='lat' dir='ltr'>adunatis,</span> <span class='ocrx_word' id='word_1_10' title='bbox 1133 516 1233 592; x_wconf 80' lang='lat' dir='ltr'>inva-</span> 
     </span>
     <span class='ocr_line' id='line_1_3' title="bbox 144 611 1233 724; baseline 0.004 -29"><span class='ocrx_word' id='word_1_11' title='bbox 144 620 234 697; x_wconf 84' lang='lat' dir='ltr'><strong>dere</strong></span> <span class='ocrx_word' id='word_1_12' title='bbox 256 619 381 721; x_wconf 88' lang='lat' dir='ltr'>potius</span> <span class='ocrx_word' id='word_1_13' title='bbox 395 611 562 707; x_wconf 85' lang='lat' dir='ltr'>bostem,</span> <span class='ocrx_word' id='word_1_14' title='bbox 583 638 694 715; x_wconf 83' lang='lat' dir='ltr'>quam</span> <span class='ocrx_word' id='word_1_15' title='bbox 710 612 832 688; x_wconf 81' lang='lat' dir='ltr'>invadi</span> <span class='ocrx_word' id='word_1_16' title='bbox 853 613 899 689; x_wconf 88' lang='lat' dir='ltr'>ab</span> <span class='ocrx_word' id='word_1_17' title='bbox 919 614 997 709; x_wconf 90' lang='lat' dir='ltr'>illo,</span> <span class='ocrx_word' id='word_1_18' title='bbox 1012 620 1233 724; x_wconf 84' lang='lat' dir='ltr'>praeoptans</span> 
     </span>
     <span class='ocr_line' id='line_1_4' title="bbox 143 702 1335 828; baseline 0.003 -27"><span class='ocrx_word' id='word_1_19' title='bbox 143 727 283 802; x_wconf 77' lang='lat' dir='ltr'>viribus</span> <span class='ocrx_word' id='word_1_20' title='bbox 304 702 675 827; x_wconf 79' lang='lat' dir='ltr'>etnumero’impar,</span> <span class='ocrx_word' id='word_1_21' title='bbox 697 720 859 813; x_wconf 84' lang='lat' dir='ltr'>¹illarum</span> <span class='ocrx_word' id='word_1_22' title='bbox 878 723 1038 823; x_wconf 89' lang='lat' dir='ltr'>partium</span> <span class='ocrx_word' id='word_1_23' title='bbox 1054 729 1236 828; x_wconf 87' lang='lat' dir='ltr'>usquead</span> <span class='ocrx_word' id='word_1_24' title='bbox 1333 749 1335 757; x_wconf 86' lang='grc'><strong>’</strong></span> 
     </span>
     <span class='ocr_line' id='line_1_5' title="bbox 144 825 1236 928; baseline -0.003 -20"><span class='ocrx_word' id='word_1_25' title='bbox 144 850 351 909; x_wconf 87' lang='lat' dir='ltr'>extremum</span> <span class='ocrx_word' id='word_1_26' title='bbox 373 842 581 928; x_wconf 86' lang='lat' dir='ltr'>persecutus</span> <span class='ocrx_word' id='word_1_27' title='bbox 601 841 656 909; x_wconf 87' lang='lat' dir='ltr'>cst</span> <span class='ocrx_word' id='word_1_28' title='bbox 672 825 783 900; x_wconf 87' lang='lat' dir='ltr'>illum.</span> <span class='ocrx_word' id='word_1_29' title='bbox 822 828 948 915; x_wconf 90' lang='lat' dir='ltr'>Quum</span> <span class='ocrx_word' id='word_1_30' title='bbox 966 847 1086 905; x_wconf 90' lang='lat' dir='ltr'>autem</span> <span class='ocrx_word' id='word_1_31' title='bbox 1111 833 1158 906; x_wconf 90' lang='lat' dir='ltr'>ad</span> <span class='ocrx_word' id='word_1_32' title='bbox 1181 835 1236 912; x_wconf 93' lang='lat' dir='ltr'>lo·</span> 
     </span>
     <span class='ocr_line' id='line_1_6' title="bbox 107 929 1338 1038; baseline -0.001 -23"><span class='ocrx_word' id='word_1_33' title='bbox 107 970 112 975; x_wconf 92' lang='lat'>·</span> <span class='ocrx_word' id='word_1_34' title='bbox 145 965 250 1032; x_wconf 90' lang='lat' dir='ltr'>cum,</span> <span class='ocrx_word' id='word_1_35' title='bbox 276 937 342 1038; x_wconf 91' lang='lat' dir='ltr'>qui</span> <span class='ocrx_word' id='word_1_36' title='bbox 360 933 525 1034; x_wconf 79' lang='lat' dir='ltr'>Vaslxapu</span> <span class='ocrx_word' id='word_1_37' title='bbox 548 929 862 1028; x_wconf 84' lang='lat' dir='ltr'>dicitur,cxstitit</span> <span class='ocrx_word' id='word_1_38' title='bbox 880 950 1048 1031; x_wconf 82' lang='lat' dir='ltr'>ventum3</span> <span class='ocrx_word' id='word_1_39' title='bbox 1078 939 1235 1018; x_wconf 88' lang='lat' dir='ltr'>arduum</span> <span class='ocrx_word' id='word_1_40' title='bbox 1329 1002 1338 1027; x_wconf 44' lang='lat'>.‚</span> 
     </span>
     <span class='ocr_line' id='line_1_7' title="bbox 144 1038 1237 1151; baseline 0.005 -36"><span class='ocrx_word' id='word_1_41' title='bbox 144 1066 389 1151; x_wconf 81' lang='lat' dir='ltr'>magnumque</span> <span class='ocrx_word' id='word_1_42' title='bbox 412 1054 450 1113; x_wconf 90' lang='lat' dir='ltr'>et</span> <span class='ocrx_word' id='word_1_43' title='bbox 466 1038 606 1114; x_wconf 86' lang='lat' dir='ltr'>cunctis</span> <span class='ocrx_word' id='word_1_44' title='bbox 623 1039 777 1113; x_wconf 84' lang='lat' dir='ltr'>saeculis</span> <span class='ocrx_word' id='word_1_45' title='bbox 796 1038 1045 1136; x_wconf 85' lang='lat' dir='ltr'>memorabile,</span> <span class='ocrx_word' id='word_1_46' title='bbox 1059 1045 1098 1117; x_wconf 92' lang='lat' dir='ltr'>in</span> <span class='ocrx_word' id='word_1_47' title='bbox 1118 1049 1237 1124; x_wconf 88' lang='lat' dir='ltr'>multo</span> 
     </span>
     <span class='ocr_line' id='line_1_8' title="bbox 146 1141 1295 1253; baseline 0.005 -28"><span class='ocrx_word' id='word_1_48' title='bbox 146 1152 316 1253; x_wconf 83' lang='lat' dir='ltr'>clangore</span> <span class='ocrx_word' id='word_1_49' title='bbox 341 1144 427 1239; x_wconf 81' lang='lat' dir='ltr'>binc</span> <span class='ocrx_word' id='word_1_50' title='bbox 454 1141 539 1219; x_wconf 86' lang='lat' dir='ltr'>inde</span> <span class='ocrx_word' id='word_1_51' title='bbox 567 1145 815 1218; x_wconf 88' lang='lat' dir='ltr'>resonantium</span> <span class='ocrx_word' id='word_1_52' title='bbox 842 1141 1033 1243; x_wconf 88' lang='lat' dir='ltr'>tubarum,</span> <span class='ocrx_word' id='word_1_53' title='bbox 1063 1174 1149 1226; x_wconf 89' lang='lat' dir='ltr'>cum</span> <span class='ocrx_word' id='word_1_54' title='bbox 1173 1156 1238 1231; x_wconf 88' lang='lat' dir='ltr'>illo</span> <span class='ocrx_word' id='word_1_55' title='bbox 1292 1165 1295 1174; x_wconf 90' lang='lat'>&#39;</span> 
     </span>
     <span class='ocr_line' id='line_1_9' title="bbox 145 1250 1239 1351; baseline -0.015 -20"><span class='ocrx_word' id='word_1_56' title='bbox 145 1255 286 1333; x_wconf 91' lang='lat' dir='ltr'>bellum</span> <span class='ocrx_word' id='word_1_57' title='bbox 314 1252 495 1351; x_wconf 86' lang='lat' dir='ltr'>commisit</span> <span class='ocrx_word' id='word_1_58' title='bbox 520 1288 573 1304; x_wconf 90' lang='lat'><em>—</em></span> <span class='ocrx_word' id='word_1_59' title='bbox 600 1250 697 1325; x_wconf 88' lang='lat' dir='ltr'>mori</span> <span class='ocrx_word' id='word_1_60' title='bbox 717 1265 788 1351; x_wconf 68' lang='grc' dir='ltr'>,εμι</span> <span class='ocrx_word' id='word_1_61' title='bbox 808 1250 932 1340; x_wconf 80' lang='lat' dir='ltr'>vivere</span> <span class='ocrx_word' id='word_1_62' title='bbox 950 1254 1133 1351; x_wconf 74' lang='lat' dir='ltr'>intentus,</span> <span class='ocrx_word' id='word_1_63' title='bbox 1159 1286 1239 1337; x_wconf 76' lang='lat' dir='ltr'>om.</span> 
     </span>
     <span class='ocr_line' id='line_1_10' title="bbox 144 1356 1241 1464; baseline 0.008 -30"><span class='ocrx_word' id='word_1_64' title='bbox 144 1364 238 1452; x_wconf 74' lang='lat' dir='ltr'>nino</span> <span class='ocrx_word' id='word_1_65' title='bbox 258 1360 367 1464; x_wconf 72' lang='lat' dir='ltr'>lagae</span> <span class='ocrx_word' id='word_1_66' title='bbox 393 1362 587 1432; x_wconf 91' lang='lat' dir='ltr'>immemor</span> <span class='ocrx_word' id='word_1_67' title='bbox 613 1372 703 1432; x_wconf 86' lang='lat' dir='ltr'>erat.</span> <span class='ocrx_word' id='word_1_68' title='bbox 736 1356 766 1430; x_wconf 89' lang='lat' dir='ltr'>F</span> <span class='ocrx_word' id='word_1_69' title='bbox 767 1373 867 1431; x_wconf 76' lang='lat' dir='ltr'>eruet</span> <span class='ocrx_word' id='word_1_70' title='bbox 895 1358 1007 1461; x_wconf 78' lang='lat' dir='ltr'>igitur</span> <span class='ocrx_word' id='word_1_71' title='bbox 1033 1358 1172 1441; x_wconf 89' lang='lat' dir='ltr'>bellum</span> <span class='ocrx_word' id='word_1_72' title='bbox 1192 1393 1241 1443; x_wconf 82' lang='lat' dir='ltr'>ex</span> 
     </span>
     <span class='ocr_line' id='line_1_11' title="bbox 107 1460 1262 1572; baseline 0.003 -29"><span class='ocrx_word' id='word_1_73' title='bbox 107 1478 115 1497; x_wconf 84' lang='lat'><em>⁰</em></span> <span class='ocrx_word' id='word_1_74' title='bbox 144 1487 300 1569; x_wconf 84' lang='lat' dir='ltr'>utraque</span> <span class='ocrx_word' id='word_1_75' title='bbox 315 1483 420 1571; x_wconf 89' lang='lat' dir='ltr'>parte</span> <span class='ocrx_word' id='word_1_76' title='bbox 434 1465 693 1568; x_wconf 87' lang='lat' dir='ltr'>asperrimum,</span> <span class='ocrx_word' id='word_1_77' title='bbox 730 1460 860 1539; x_wconf 88' lang='lat' dir='ltr'>caedes</span> <span class='ocrx_word' id='word_1_78' title='bbox 879 1461 921 1538; x_wconf 87' lang='lat' dir='ltr'>fit</span> <span class='ocrx_word' id='word_1_79' title='bbox 940 1468 1114 1568; x_wconf 75' lang='lat' dir='ltr'>maxima,</span> <span class='ocrx_word' id='word_1_80' title='bbox 1133 1474 1239 1549; x_wconf 89' lang='lat' dir='ltr'>multi</span> <span class='ocrx_word' id='word_1_81' title='bbox 1259 1563 1262 1572; x_wconf 32' lang='grc' dir='ltr'>Ι</span> 
     </span>
     <span class='ocr_line' id='line_1_12' title="bbox 145 1566 1237 1674; baseline 0.004 -23"><span class='ocrx_word' id='word_1_82' title='bbox 145 1571 410 1672; x_wconf 87' lang='lat' dir='ltr'>cadunt-hoste</span> <span class='ocrx_word' id='word_1_83' title='bbox 434 1597 480 1644; x_wconf 91' lang='lat' dir='ltr'>ex</span> <span class='ocrx_word' id='word_1_84' title='bbox 501 1585 682 1670; x_wconf 86' lang='lat' dir='ltr'>utroque,</span> <span class='ocrx_word' id='word_1_85' title='bbox 710 1566 775 1642; x_wconf 90' lang='lat' dir='ltr'>sed</span> <span class='ocrx_word' id='word_1_86' title='bbox 796 1571 1055 1674; x_wconf 88' lang='lat' dir='ltr'>multoplures</span> <span class='ocrx_word' id='word_1_87' title='bbox 1075 1582 1237 1655; x_wconf 81' lang='lat' dir='ltr'>ex&#39;l’ur-</span> 
     </span>
     <span class='ocr_line' id='line_1_13' title="bbox 144 1675 1345 1783; baseline 0.005 -27"><span class='ocrx_word' id='word_1_88' title='bbox 144 1683 213 1759; x_wconf 90' lang='lat' dir='ltr'>cis:</span> <span class='ocrx_word' id='word_1_89' title='bbox 239 1682 318 1783; x_wconf 57' lang='lat' dir='ltr'>&#39;qua</span> <span class='ocrx_word' id='word_1_90' title='bbox 335 1694 491 1783; x_wconf 87' lang='lat' dir='ltr'>propter</span> <span class='ocrx_word' id='word_1_91' title='bbox 508 1677 621 1759; x_wconf 87' lang='lat' dir='ltr'>Bassa</span> <span class='ocrx_word' id='word_1_92' title='bbox 633 1690 681 1747; x_wconf 89' lang='lat' dir='ltr'>et</span> <span class='ocrx_word' id='word_1_93' title='bbox 694 1675 806 1746; x_wconf 83' lang='lat' dir='ltr'>Turci</span> <span class='ocrx_word' id='word_1_94' title='bbox 825 1699 994 1776; x_wconf 89' lang='lat' dir='ltr'>campum</span> <span class='ocrx_word' id='word_1_95' title='bbox 1011 1679 1179 1760; x_wconf 87' lang='lat' dir='ltr'>deserere</span> <span class='ocrx_word' id='word_1_96' title='bbox 1201 1703 1239 1761; x_wconf 91' lang='lat' dir='ltr'>et</span> <span class='ocrx_word' id='word_1_97' title='bbox 1341 1698 1345 1711; x_wconf 92' lang='lat'>&#39;</span> 
     </span>
     <span class='ocr_line' id='line_1_14' title="bbox 140 1778 1239 1892; baseline 0.003 -29"><span class='ocrx_word' id='word_1_98' title='bbox 140 1787 285 1863; x_wconf 79' lang='lat' dir='ltr'>subitae</span> <span class='ocrx_word' id='word_1_99' title='bbox 317 1811 356 1859; x_wconf 91' lang='lat' dir='ltr'>sc</span> <span class='ocrx_word' id='word_1_100' title='bbox 386 1783 618 1856; x_wconf 83' lang='lat' dir='ltr'>committere</span> <span class='ocrx_word' id='word_1_101' title='bbox 649 1778 755 1879; x_wconf 82' lang='lat' dir='ltr'>fugae</span> <span class='ocrx_word' id='word_1_102' title='bbox 784 1795 869 1859; x_wconf 84' lang='lat' dir='ltr'>sunt</span> <span class='ocrx_word' id='word_1_103' title='bbox 897 1785 1026 1858; x_wconf 88' lang='lat' dir='ltr'>coacti.</span> <span class='ocrx_word' id='word_1_104' title='bbox 1064 1791 1239 1892; x_wconf 88' lang='lat' dir='ltr'>Inseque-</span> 
     </span>
     <span class='ocr_line' id='line_1_15' title="bbox 140 1883 1238 1994; baseline -0.001 -26"><span class='ocrx_word' id='word_1_105' title='bbox 140 1890 276 1968; x_wconf 86' lang='lat' dir='ltr'>bantur</span> <span class='ocrx_word' id='word_1_106' title='bbox 297 1890 380 1964; x_wconf 87' lang='lat' dir='ltr'>illos</span> <span class='ocrx_word' id='word_1_107' title='bbox 406 1885 571 1987; x_wconf 83' lang='lat' dir='ltr'>Hungari</span> <span class='ocrx_word' id='word_1_108' title='bbox 603 1901 640 1959; x_wconf 88' lang='lat' dir='ltr'>et</span> <span class='ocrx_word' id='word_1_109' title='bbox 670 1899 824 1957; x_wconf 87' lang='lat' dir='ltr'>cunctos</span> <span class='ocrx_word' id='word_1_110' title='bbox 853 1883 900 1958; x_wconf 85' lang='lat' dir='ltr'>ad</span> <span class='ocrx_word' id='word_1_111' title='bbox 930 1913 1023 1988; x_wconf 84' lang='lat' dir='ltr'>quos</span> <span class='ocrx_word' id='word_1_112' title='bbox 1045 1898 1238 1994; x_wconf 83' lang='lat' dir='ltr'>pervenire</span> 
     </span>
     <span class='ocr_line' id='line_1_16' title="bbox 141 1986 1237 2102; baseline -0.001 -29"><span class='ocrx_word' id='word_1_113' title='bbox 141 2011 335 2102; x_wconf 86' lang='lat' dir='ltr'>poterant,</span> <span class='ocrx_word' id='word_1_114' title='bbox 357 1988 584 2084; x_wconf 83' lang='lat' dir='ltr'>moribunda</span> <span class='ocrx_word' id='word_1_115' title='bbox 601 1991 641 2064; x_wconf 90' lang='lat' dir='ltr'>in</span> <span class='ocrx_word' id='word_1_116' title='bbox 661 1986 838 2091; x_wconf 72' lang='lat' dir='ltr'>cadevera</span> <span class='ocrx_word' id='word_1_117' title='bbox 858 1990 1087 2097; x_wconf 78' lang='lat' dir='ltr'>redigebant</span> <span class='ocrx_word' id='word_1_118' title='bbox 1110 2037 1164 2057; x_wconf 87' lang='lat'><em>-</em></span> <span class='ocrx_word' id='word_1_119' title='bbox 1184 2043 1237 2059; x_wconf 90' lang='lat'><em>—</em></span> 
     </span>
     <span class='ocr_line' id='line_1_17' title="bbox 140 2095 1238 2201; baseline 0.002 -18"><span class='ocrx_word' id='word_1_120' title='bbox 140 2104 321 2183; x_wconf 85' lang='lat' dir='ltr'>Dominus</span> <span class='ocrx_word' id='word_1_121' title='bbox 340 2095 688 2201; x_wconf 87' lang='lat' dir='ltr'>siquidemJoannes</span> <span class='ocrx_word' id='word_1_122' title='bbox 709 2095 797 2168; x_wconf 84' lang='lat' dir='ltr'>fusis</span> <span class='ocrx_word' id='word_1_123' title='bbox 820 2112 877 2171; x_wconf 89' lang='lat' dir='ltr'>tot</span> <span class='ocrx_word' id='word_1_124' title='bbox 897 2095 1056 2175; x_wconf 90' lang='lat' dir='ltr'>hostium</span> <span class='ocrx_word' id='word_1_125' title='bbox 1078 2107 1238 2185; x_wconf 89' lang='lat' dir='ltr'>millibus</span> 
     </span>
     <span class='ocr_line' id='line_1_18' title="bbox 141 2200 1239 2312; baseline 0.002 -24"><span class='ocrx_word' id='word_1_126' title='bbox 141 2213 339 2312; x_wconf 88' lang='lat' dir='ltr'>multisque</span> <span class='ocrx_word' id='word_1_127' title='bbox 358 2207 512 2280; x_wconf 88' lang='lat' dir='ltr'>illorum</span> <span class='ocrx_word' id='word_1_128' title='bbox 540 2200 737 2278; x_wconf 86' lang='lat' dir='ltr'>maioribus</span> <span class='ocrx_word' id='word_1_129' title='bbox 765 2205 974 2304; x_wconf 80' lang='lat' dir='ltr'>captivatis,</span> <span class='ocrx_word' id='word_1_130' title='bbox 1008 2213 1128 2312; x_wconf 87' lang='lat' dir='ltr'>amplo</span> <span class='ocrx_word' id='word_1_131' title='bbox 1142 2273 1145 2278; x_wconf 90' lang='lat'><em>.</em></span> <span class='ocrx_word' id='word_1_132' title='bbox 1160 2214 1239 2290; x_wconf 88' lang='lat' dir='ltr'>the-</span> 
     </span>
     <span class='ocr_line' id='line_1_19' title="bbox 133 2310 1234 2421; baseline 0.003 -27"><span class='ocrx_word' id='word_1_133' title='bbox 133 2345 251 2394; x_wconf 83' lang='lat' dir='ltr'>sauro</span> <span class='ocrx_word' id='word_1_134' title='bbox 281 2330 319 2404; x_wconf 80' lang='lat' dir='ltr'>et</span> <span class='ocrx_word' id='word_1_135' title='bbox 340 2312 440 2389; x_wconf 88' lang='lat' dir='ltr'>omni</span> <span class='ocrx_word' id='word_1_136' title='bbox 456 2310 626 2415; x_wconf 87' lang='lat' dir='ltr'>pretiosa</span> <span class='ocrx_word' id='word_1_137' title='bbox 654 2310 835 2383; x_wconf 86' lang='lat' dir='ltr'>exercitus</span> <span class='ocrx_word' id='word_1_138' title='bbox 864 2336 994 2386; x_wconf 90' lang='lat' dir='ltr'>eorum</span> <span class='ocrx_word' id='word_1_139' title='bbox 1015 2318 1234 2421; x_wconf 78' lang='lat' dir='ltr'>supellectili</span> 
     </span>
     <span class='ocr_line' id='line_1_20' title="bbox 129 2415 1235 2527; baseline 0.003 -28"><span class='ocrx_word' id='word_1_140' title='bbox 129 2426 178 2499; x_wconf 69' lang='lat' dir='ltr'>‘in</span> <span class='ocrx_word' id='word_1_141' title='bbox 194 2420 372 2527; x_wconf 65' lang='lat' dir='ltr'>‘praedam</span> <span class='ocrx_word' id='word_1_142' title='bbox 395 2417 678 2509; x_wconf 73' lang='lat' dir='ltr'>conversis,&#39;vir</span> <span class='ocrx_word' id='word_1_143' title='bbox 697 2415 932 2517; x_wconf 83' lang='lat' dir='ltr'>magnificus,</span> <span class='ocrx_word' id='word_1_144' title='bbox 955 2418 1066 2522; x_wconf 80' lang='lat' dir='ltr'>digno</span> <span class='ocrx_word' id='word_1_145' title='bbox 1089 2425 1235 2503; x_wconf 88' lang='lat' dir='ltr'>laudum</span> 
     </span>
     <span class='ocr_line' id='line_1_21' title="bbox 117 2521 1232 2634; baseline 0.003 -28"><span class='ocrx_word' id='word_1_146' title='bbox 117 2530 339 2634; x_wconf 87' lang='lat' dir='ltr'>praeconio</span> <span class='ocrx_word' id='word_1_147' title='bbox 361 2549 470 2603; x_wconf 89' lang='lat' dir='ltr'>omne</span> <span class='ocrx_word' id='word_1_148' title='bbox 488 2527 704 2627; x_wconf 68' lang='lat' dir='ltr'>pcr&#39;aerum</span> <span class='ocrx_word' id='word_1_149' title='bbox 728 2521 966 2619; x_wconf 88' lang='lat' dir='ltr'>recolendus,</span> <span class='ocrx_word' id='word_1_150' title='bbox 995 2528 1096 2624; x_wconf 87' lang='lat' dir='ltr'>bello</span> <span class='ocrx_word' id='word_1_151' title='bbox 1125 2532 1232 2609; x_wconf 86' lang='lat' dir='ltr'>forti·</span> 
     </span>
     <span class='ocr_line' id='line_1_22' title="bbox 139 2624 1233 2745; baseline 0.002 -33"><span class='ocrx_word' id='word_1_152' title='bbox 139 2653 196 2712; x_wconf 89' lang='lat' dir='ltr'>tar</span> <span class='ocrx_word' id='word_1_153' title='bbox 215 2649 410 2739; x_wconf 90' lang='lat' dir='ltr'>suscepto,</span> <span class='ocrx_word' id='word_1_154' title='bbox 435 2628 637 2733; x_wconf 89' lang='lat' dir='ltr'>prudenter</span> <span class='ocrx_word' id='word_1_155' title='bbox 657 2624 929 2733; x_wconf 80' lang='lat' dir='ltr'>administrato,</span> <span class='ocrx_word' id='word_1_156' title='bbox 948 2631 1153 2719; x_wconf 84' lang='lat' dir='ltr'>felicissime</span> <span class='ocrx_word' id='word_1_157' title='bbox 1170 2668 1233 2745; x_wconf 80' lang='lat' dir='ltr'>ge·</span> 
     </span>
     <span class='ocr_line' id='line_1_23' title="bbox 138 2733 1232 2845; baseline 0.005 -29"><span class='ocrx_word' id='word_1_158' title='bbox 138 2761 195 2818; x_wconf 89' lang='lat' dir='ltr'>sto</span> <span class='ocrx_word' id='word_1_159' title='bbox 215 2759 252 2817; x_wconf 88' lang='lat' dir='ltr'>et</span> <span class='ocrx_word' id='word_1_160' title='bbox 276 2739 470 2829; x_wconf 83' lang='lat' dir='ltr'>conlecto,</span> <span class='ocrx_word' id='word_1_161' title='bbox 498 2733 773 2810; x_wconf 84' lang='lat' dir='ltr'>memorabilem</span> <span class='ocrx_word' id='word_1_162' title='bbox 790 2737 983 2813; x_wconf 81' lang='lat' dir='ltr'>victoriam</span> <span class='ocrx_word' id='word_1_163' title='bbox 1008 2751 1232 2845; x_wconf 84' lang='lat' dir='ltr'>reportavit3</span> 
     </span>
     <span class='ocr_line' id='line_1_24' title="bbox 137 2838 1229 2952; baseline 0.005 -29"><span class='ocrx_word' id='word_1_164' title='bbox 137 2875 250 2952; x_wconf 88' lang='lat' dir='ltr'>seque</span> <span class='ocrx_word' id='word_1_165' title='bbox 270 2844 401 2923; x_wconf 86' lang='lat' dir='ltr'>exhinc</span> <span class='ocrx_word' id='word_1_166' title='bbox 426 2838 502 2916; x_wconf 87' lang='lat' dir='ltr'>non</span> <span class='ocrx_word' id='word_1_167' title='bbox 521 2841 639 2915; x_wconf 89' lang='lat' dir='ltr'>solum</span> <span class='ocrx_word' id='word_1_168' title='bbox 656 2842 869 2943; x_wconf 82' lang='lat' dir='ltr'>regnicolis,</span> <span class='ocrx_word' id='word_1_169' title='bbox 894 2867 1148 2926; x_wconf 79' lang='lat' dir='ltr'>verumetiam</span> <span class='ocrx_word' id='word_1_170' title='bbox 1166 2883 1229 2928; x_wconf 88' lang='lat' dir='ltr'>na·</span> 
     </span>
     <span class='ocr_line' id='line_1_25' title="bbox 138 2946 1227 3052; baseline -0.002 -23"><span class='ocrx_word' id='word_1_171' title='bbox 138 2953 301 3031; x_wconf 87' lang='lat' dir='ltr'>tionibus</span> <span class='ocrx_word' id='word_1_172' title='bbox 317 2951 470 3040; x_wconf 88' lang='lat' dir='ltr'>exteris,</span> <span class='ocrx_word' id='word_1_173' title='bbox 498 2949 660 3021; x_wconf 84' lang='lat' dir='ltr'>sincerae</span> <span class='ocrx_word' id='word_1_174' title='bbox 677 2946 885 3020; x_wconf 82' lang='lat' dir='ltr'>dilectionis</span> <span class='ocrx_word' id='word_1_175' title='bbox 896 2950 1036 3052; x_wconf 79' lang='lat' dir='ltr'>¹ellectu</span> <span class='ocrx_word' id='word_1_176' title='bbox 1052 2956 1227 3035; x_wconf 86' lang='lat' dir='ltr'>exhibue-</span> 
     </span>
     <span class='ocr_line' id='line_1_26' title="bbox 122 3050 1225 3149; baseline 0.004 -13"><span class='ocrx_word' id='word_1_177' title='bbox 122 3078 193 3149; x_wconf 43' lang='lat' dir='ltr'>,ret</span> <span class='ocrx_word' id='word_1_178' title='bbox 222 3077 303 3135; x_wconf 88' lang='lat' dir='ltr'>toto</span> <span class='ocrx_word' id='word_1_179' title='bbox 326 3055 440 3133; x_wconf 87' lang='lat' dir='ltr'>corde</span> <span class='ocrx_word' id='word_1_180' title='bbox 460 3050 693 3126; x_wconf 86' lang='lat' dir='ltr'>amandum.“</span> <span class='ocrx_word' id='word_1_181' title='bbox 710 3092 760 3130; x_wconf 85' lang='grc'>,-</span> <span class='ocrx_word' id='word_1_182' title='bbox 777 3052 964 3128; x_wconf 77' lang='lat' dir='ltr'>illustrem</span> <span class='ocrx_word' id='word_1_183' title='bbox 991 3055 1085 3136; x_wconf 88' lang='lat' dir='ltr'>hanc</span> <span class='ocrx_word' id='word_1_184' title='bbox 1108 3067 1225 3143; x_wconf 81' lang='lat' dir='ltr'>victo·</span> 
     </span>
     <span class='ocr_line' id='line_1_27' title="bbox 134 3152 1226 3273; baseline 0.005 -32"><span class='ocrx_word' id='word_1_185' title='bbox 134 3168 230 3241; x_wconf 90' lang='lat' dir='ltr'>riam</span> <span class='ocrx_word' id='word_1_186' title='bbox 259 3161 445 3240; x_wconf 89' lang='lat' dir='ltr'>Ladislaus</span> <span class='ocrx_word' id='word_1_187' title='bbox 479 3160 588 3234; x_wconf 87' lang='lat' dir='ltr'>etiam</span> <span class='ocrx_word' id='word_1_188' title='bbox 618 3152 835 3234; x_wconf 90' lang='lat' dir='ltr'>Postbumus</span> <span class='ocrx_word' id='word_1_189' title='bbox 873 3162 911 3232; x_wconf 90' lang='lat' dir='ltr'>in</span> <span class='ocrx_word' id='word_1_190' title='bbox 952 3162 1097 3253; x_wconf 85' lang='lat' dir='ltr'>litteris·</span> <span class='ocrx_word' id='word_1_191' title='bbox 1115 3195 1226 3273; x_wconf 85' lang='lat' dir='ltr'>supra</span> 
     </span>
     <span class='ocr_line' id='line_1_28' title="bbox 134 3264 1226 3377; baseline 0.009 -32"><span class='ocrx_word' id='word_1_192' title='bbox 134 3270 292 3347; x_wconf 89' lang='lat' dir='ltr'>laudatis</span> <span class='ocrx_word' id='word_1_193' title='bbox 309 3269 408 3345; x_wconf 89' lang='lat' dir='ltr'>hunc</span> <span class='ocrx_word' id='word_1_194' title='bbox 431 3264 642 3365; x_wconf 88' lang='lat' dir='ltr'>inmodum</span> <span class='ocrx_word' id='word_1_195' title='bbox 666 3265 827 3344; x_wconf 82' lang='lat' dir='ltr'>extollit:</span> <span class='ocrx_word' id='word_1_196' title='bbox 864 3267 1036 3359; x_wconf 88' lang='lat' dir='ltr'>„Quibus</span> <span class='ocrx_word' id='word_1_197' title='bbox 1065 3284 1226 3377; x_wconf 87' lang='lat' dir='ltr'>peractis</span> 
     </span>
     <span class='ocr_line' id='line_1_29' title="bbox 136 3368 1221 3468; baseline 0 -15"><span class='ocrx_word' id='word_1_198' title='bbox 136 3396 285 3453; x_wconf 84' lang='lat' dir='ltr'>extante</span> <span class='ocrx_word' id='word_1_199' title='bbox 299 3375 417 3451; x_wconf 87' lang='lat' dir='ltr'>adbuc</span> <span class='ocrx_word' id='word_1_200' title='bbox 434 3374 518 3449; x_wconf 84' lang='lat' dir='ltr'>satis</span> <span class='ocrx_word' id='word_1_201' title='bbox 528 3375 670 3447; x_wconf 87' lang='lat' dir='ltr'>recenti</span> <span class='ocrx_word' id='word_1_202' title='bbox 687 3368 898 3455; x_wconf 85' lang='lat' dir='ltr'>huiusmodi</span> <span class='ocrx_word' id='word_1_203' title='bbox 914 3372 1077 3468; x_wconf 83' lang='lat' dir='ltr'>felicium</span> <span class='ocrx_word' id='word_1_204' title='bbox 1093 3408 1221 3465; x_wconf 84' lang='lat' dir='ltr'>rerum</span> 
     </span>
     <span class='ocr_line' id='line_1_30' title="bbox 134 3474 1224 3592; baseline -0.007 -35"><span class='ocrx_word' id='word_1_205' title='bbox 134 3483 269 3578; x_wconf 80' lang='lat' dir='ltr'>fama,</span> <span class='ocrx_word' id='word_1_206' title='bbox 296 3481 383 3558; x_wconf 89' lang='lat' dir='ltr'>huic</span> <span class='ocrx_word' id='word_1_207' title='bbox 404 3483 484 3557; x_wconf 85' lang='lat' dir='ltr'>viro</span> <span class='ocrx_word' id='word_1_208' title='bbox 504 3479 737 3554; x_wconf 86' lang='lat' dir='ltr'>meritissimo</span> <span class='ocrx_word' id='word_1_209' title='bbox 753 3504 806 3552; x_wconf 71' lang='lat' dir='ltr'>‘cx</span> <span class='ocrx_word' id='word_1_210' title='bbox 826 3474 883 3555; x_wconf 88' lang='lat' dir='ltr'>bis</span> <span class='ocrx_word' id='word_1_211' title='bbox 902 3480 1103 3561; x_wconf 88' lang='lat' dir='ltr'>illustribus</span> <span class='ocrx_word' id='word_1_212' title='bbox 1122 3495 1224 3592; x_wconf 71' lang='lat' dir='ltr'>prin.</span> 
     </span>
     <span class='ocr_line' id='line_1_31' title="bbox 133 3584 1222 3695; baseline 0.006 -31"><span class='ocrx_word' id='word_1_213' title='bbox 133 3592 278 3695; x_wconf 91' lang='lat' dir='ltr'>cipibus</span> <span class='ocrx_word' id='word_1_214' title='bbox 304 3589 484 3663; x_wconf 89' lang='lat' dir='ltr'>illustrior</span> <span class='ocrx_word' id='word_1_215' title='bbox 510 3602 547 3661; x_wconf 92' lang='lat' dir='ltr'>et</span> <span class='ocrx_word' id='word_1_216' title='bbox 570 3585 679 3688; x_wconf 87' lang='lat' dir='ltr'>longe</span> <span class='ocrx_word' id='word_1_217' title='bbox 706 3584 947 3675; x_wconf 84' lang='lat' dir='ltr'>excellentior</span> <span class='ocrx_word' id='word_1_218' title='bbox 974 3586 1082 3692; x_wconf 79' lang='lat' dir='ltr'>digna</span> <span class='ocrx_word' id='word_1_219' title='bbox 1110 3588 1222 3675; x_wconf 62' lang='lat' dir='ltr'>&#39;laude</span> 
     </span>
     <span class='ocr_line' id='line_1_32' title="bbox 124 3689 1223 3801; baseline 0.007 -30"><span class='ocrx_word' id='word_1_220' title='bbox 124 3723 201 3801; x_wconf 39' lang='lat' dir='ltr'>,per</span> <span class='ocrx_word' id='word_1_221' title='bbox 227 3721 336 3772; x_wconf 87' lang='lat' dir='ltr'>omne</span> <span class='ocrx_word' id='word_1_222' title='bbox 362 3719 490 3787; x_wconf 85' lang='lat' dir='ltr'>aevum</span> <span class='ocrx_word' id='word_1_223' title='bbox 509 3689 756 3789; x_wconf 24' lang='lat' dir='ltr'>„celebrandus</span> <span class='ocrx_word' id='word_1_224' title='bbox 773 3690 920 3768; x_wconf 87' lang='lat' dir='ltr'>alterius</span> <span class='ocrx_word' id='word_1_225' title='bbox 939 3695 1114 3772; x_wconf 83' lang='lat' dir='ltr'>victoriae</span> <span class='ocrx_word' id='word_1_226' title='bbox 1134 3706 1223 3780; x_wconf 89' lang='lat' dir='ltr'>titu-</span> 
     </span>
     <span class='ocr_line' id='line_1_33' title="bbox 112 3792 1220 3895; baseline 0.012 -24"><span class='ocrx_word' id='word_1_227' title='bbox 112 3804 186 3877; x_wconf 87' lang='lat' dir='ltr'>lus</span> <span class='ocrx_word' id='word_1_228' title='bbox 211 3802 380 3895; x_wconf 76' lang='lat' dir='ltr'>accessit3</span> <span class='ocrx_word' id='word_1_229' title='bbox 417 3799 505 3874; x_wconf 93' lang='lat' dir='ltr'>dum</span> <span class='ocrx_word' id='word_1_230' title='bbox 540 3798 638 3892; x_wconf 91' lang='lat' dir='ltr'>enim</span> <span class='ocrx_word' id='word_1_231' title='bbox 662 3796 889 3875; x_wconf 87' lang='lat' dir='ltr'>Teucrorum</span> <span class='ocrx_word' id='word_1_232' title='bbox 915 3792 1105 3877; x_wconf 79' lang='lat' dir='ltr'>Dominus</span> <span class='ocrx_word' id='word_1_233' title='bbox 1121 3807 1220 3888; x_wconf 87' lang='lat' dir='ltr'>bunc</span> 
     </span>
     <span class='ocr_line' id='line_1_34' title="bbox 133 3902 1219 4014; baseline 0.004 -33"><span class='ocrx_word' id='word_1_234' title='bbox 133 3933 243 4012; x_wconf 87' lang='lat' dir='ltr'>supra</span> <span class='ocrx_word' id='word_1_235' title='bbox 269 3924 405 3983; x_wconf 90' lang='lat' dir='ltr'>tactum</span> <span class='ocrx_word' id='word_1_236' title='bbox 437 3903 588 3978; x_wconf 87' lang='lat' dir='ltr'>suorum</span> <span class='ocrx_word' id='word_1_237' title='bbox 616 3904 805 3979; x_wconf 87' lang='lat' dir='ltr'>interitum</span> <span class='ocrx_word' id='word_1_238' title='bbox 830 3902 975 4009; x_wconf 82' lang='lat' dir='ltr'>indigne</span> <span class='ocrx_word' id='word_1_239' title='bbox 1001 3906 1141 4014; x_wconf 76' lang='lat' dir='ltr'>ferens,</span> <span class='ocrx_word' id='word_1_240' title='bbox 1180 3934 1219 3992; x_wconf 83' lang='lat' dir='ltr'>et</span> 
     </span>
     <span class='ocr_line' id='line_1_35' title="bbox 134 4008 1257 4157; baseline -0.005 -70"><span class='ocrx_word' id='word_1_241' title='bbox 134 4019 218 4093; x_wconf 87' lang='lat' dir='ltr'>totis</span> <span class='ocrx_word' id='word_1_242' title='bbox 236 4011 376 4094; x_wconf 79' lang='lat' dir='ltr'>viribus</span> <span class='ocrx_word' id='word_1_243' title='bbox 398 4011 525 4089; x_wconf 86' lang='lat' dir='ltr'>ulcisci</span> <span class='ocrx_word' id='word_1_244' title='bbox 547 4008 777 4106; x_wconf 85' lang='lat' dir='ltr'>desiderans,</span> <span class='ocrx_word' id='word_1_245' title='bbox 805 4029 975 4118; x_wconf 81' lang='lat' dir='ltr'>magnum</span> <span class='ocrx_word' id='word_1_246' title='bbox 990 4039 1074 4157; x_wconf 71' lang='lat' dir='ltr'>spae</span> <span class='ocrx_word' id='word_1_247' title='bbox 1088 4037 1219 4123; x_wconf 72' lang='lat' dir='ltr'>poten.</span> <span class='ocrx_word' id='word_1_248' title='bbox 1253 4017 1257 4026; x_wconf 89' lang='grc'><strong>’</strong></span> 
     </span>
    </p>
   </div>
   <div class='ocr_carea' id='block_1_3' title="bbox 0 0 1358 4568">
    <p class='ocr_par' dir='ltr' id='par_1_3' title="bbox 0 0 1358 4568">
     <span class='ocr_line' id='line_1_36' title="bbox 0 0 1358 4568; baseline 0 1"><span class='ocrx_word' id='word_1_249' title='bbox 0 0 1358 4568; x_wconf 95' lang='lat' dir='ltr'> </span> 
     </span>
    </p>
   </div>
  </div>
 </body>
</html>
