2708 4568
112 565 115 570 '
149 554 239 628 stive
260 576 376 654 agere.
411 549 472 624 Nil
493 565 575 653 spes
594 550 672 624 eius
673 562 889 672 'appetere
896 500 1124 646 videbatur,
1127 476 1238 654 quod
1265 548 1266 553 ’

149 674 261 752 arte,
279 656 507 757 consilioque
541 656 684 757 assequi
713 682 789 730 non
814 653 977 730 auderet.
1000 695 1052 710 ··-
1055 659 1236 738 loannes

122 790 127 799 ·
148 767 259 867 igitur
278 765 458 837 Corvinus
475 779 559 882 post
572 779 739 854 caetera,
760 774 853 864 quae
872 788 1011 835 summa
1029 790 1115 839 cum
1129 763 1237 840 laude

149 897 300 945 munera
322 884 497 968 gesserat,
506 868 797 942 Transilvanam
816 868 1042 968 provinciam
1058 897 1143 945 cum
1167 873 1235 944 im·

149 979 274 1080 peric,
304 974 354 1047 ob
368 1001 448 1050 rem
463 975 601 1076 optime
620 989 755 1076 gestam
773 975 998 1074 impetravit,
1025 976 1236 1079 atquehinc

149 1082 253 1158 facile
270 1080 317 1154 ad
334 1083 493 1161 maxima
512 1106 701 1183 quaequae
717 1096 864 1154 evectus
882 1080 974 1153 est.“
1028 1090 1031 1096 ’
1088 1150 1092 1158 .

245 1284 401 1386 Magna
391 1280 549 1357 iustitiae
568 1282 704 1355 virtute
725 1280 1041 1356 administraverat
1062 1295 1236 1406 regnum,

153 1387 284 1465 eodem
304 1386 571 1483 testelionfinio
589 1389 678 1463 Dec
687 1389 750 1462 ΠΙ.
771 1387 836 1462 lib.
851 1387 951 1475 Vll:
980 1387 1192 1483 „iudiciis
1182 1419 1238 1487 rn-
1318 1394 1321 1398 ’

132 1496 355 1598 'tegerrime
374 1478 550 1600 praefuit3
591 1496 632 1566 in
658 1497 820 1615 negopiis
852 1494 1088 1619 expediendis
1117 1523 1237 1600 usque

151 1602 254 1677 adeo
269 1601 432 1680 festinus
441 1620 478 1677 et
504 1599 655 1693 ardens,
683 1602 773 1674 item
799 1601 1080 1697 iri-audiendis
1069 1624 1122 1677 ιιι
1137 1606 1238 1679 omni

151 1734 283 1810 genere
303 1732 544 1811 personarum
562 1688 769 1779 bominibus
792 1706 931 1806 patiens
958 1722 996 1779 et
1014 1707 1235 1805 indefessus,
1349 1754 1352 1760 ·

150 1831 191 1888 ιιι
210 1832 322 1906 stans,
336 1812 522 1904 incedens,
544 1810 793 1910 equitemque,
810 1825 959 1911 rogatus
979 1812 1035 1884 ius
1054 1811 1206 1889 diceret.
1210 1814 1236 1853 “
1310 1817 1316 1866 -’

150 1923 322 2009 Etcum,
356 1935 397 1990 ut
425 1943 471 1991 ex
495 1916 617 1989 verbis
640 1916 837 2019 Augustini
856 1918 1046 2019 Episcopi
1049 1919 1236 1994 laurinen

151 2029 197 2099 sis
216 2024 261 2098 ad
280 2020 496 2099 Pontificem
517 2021 671 2123 prolatis
698 2037 849 2124 apparet
871 2025 984 2123 (Pray
1001 2050 1083 2099 ann
1111 2029 1150 2101 Ρ.
1170 2027 1234 2100 ΙΙΙ.
1329 2062 1338 2082 ·

150 2158 237 2236 pag
224 2125 372 2230 ..:103)
397 2127 644 2222 „Praefatum
672 2153 827 2230 regnum
850 2130 1055 2232 Hungariae
1077 2133 1251 2208 externis·

151 2241 356 2327 Turearum
387 2235 492 2310 bellis
518 2233 774 2315 miserabiliter
791 2234 1016 2327 devastatum
1044 2255 1082 2311 et
1105 2239 1238 2313 lacera

152 2361 251 2437 tum,
273 2344 424 2419 internis
443 2339 665 2417 factionibus
684 2343 853 2435 scissum,
882 2358 931 2415 ιιι
944 2368 1070 2419 omnes
1088 2346 1242 2447 opinanz

152 2467 232 2543 tur,
262 2452 330 2523 nisi
358 2449 575 2550 magnanimi
603 2449 672 2522 viri
701 2448 897 2522 loannis
934 2447 987 2522 de
1014 2449 1237 2550 Hunyad,

152 2550 313 2630 eiusdem
336 2558 452 2657 regni
463 2551 643 2656 magnifici
667 2554 957 2647 Gubernatoris,
977 2555 1249 2659 providentia,·

114 2757 116 2763 Ι
152 2688 195 2736 ac
190 2662 394 2783 vigilantia
410 2677 667 2737 conservatum
680 2659 796 2753 foret,
821 2659 869 2736 ad
877 2660 1062 2740 ultimum
1074 2665 1264 2739 omnium·
1332 2676 1351 2751 J

152 2770 376 2912 miseriarum
395 2762 615 2870 perductum
637 2717 888 2843 ιιιιιιιιιιιι.ιι
953 2844 955 2848 ,
1029 2824 1033 2849 2

119 3004 122 3009 ’
247 2977 378 3079 Magus
401 3000 479 3050 non
499 2975 615 3050 ιιιιιιιιι
637 2975 676 3047 in
695 2976 821 3051 animis
839 2930 1089 3057 dissidentium
1113 2982 1238 3055 couci-

153 3081 299 3174 liandi's,
335 3107 515 3185 paceque
529 3052 684 3154 tutanda
702 3073 886 3155 lobannis
905 3084 1119 3183 Hunyadii
1124 3088 1239 3161 virtus

152 3187 233 3263 fuer
236 3205 289 3269 at
316 3190 492 3289 „Magna,
501 3187 635 3289 inquit
653 3212 675 3257 a
674 3184 917 3363 dEugenium
933 3190 1067 3288 Papam
1084 3193 1239 3293 epistola

152 3295 296 3388 XXII„
324 3292 411 3367 mibi
432 3316 543 3394 opera
565 3316 672 3413 opus
667 3309 758 3386 est
773 3289 872 3365 utd
874 3294 957 3396 igne
978 3319 1171 3492 sufflare
1178 3323 1239 3371 va·

153 3402 264 3492 leam,
294 3398 341 3471 ad
355 3400 520 3503 agendas
544 3399 676 3501 gratias
702 3397 927 3473 Beatitudini
941 3401 1029 3475 Vest
1144 3422 1237 3502 quae

153 3532 201 3582 ex
217 3506 439 3608 benignitate
462 3505 590 3598 solita,
618 3503 730 3579 rebus
750 3519 790 3578 et
809 3503 1035 3589 successibus
1058 3509 1145 3581 meis
1165 3527 1239 3584 tam

153 3638 261 3734 saepe
280 3638 436 3688 numero
454 3612 641 3686 collaetari
659 3610 810 3714 dignum
831 3608 945 3703 duxit,
968 3637 1011 3685 ea
1031 3626 1201 3714 quoque
1198 3618 1239 3689 in

153 3723 329 3795 maiorem
347 3745 491 3823 semper
503 3718 582 3820 spei
601 3734 742 3818 partem
764 3719 1016 3817 interpretari,
1047 3742 1140 3818 qnae
1160 3722 1240 3823 plus

154 3851 276 3900 oneris
293 3810 404 3919 mibi,
440 3851 564 3943 quam·
576 3821 728 3899 honoris
759 3821 997 3925 quidcunque
1018 3823 1237 3901 subducunt.

153 3930 198 4007 ld
224 3956 375 4055 genere
385 3957 515 4035 genus,
553 3931 624 4031 ipsi
649 3927 874 4008 Βιιιιιιιιιιιιιι
888 3930 1044 4005 Vestrae
1073 3948 1111 4006 et
1141 3959 1238 4007 nunc
1271 3952 1278 3966 ³

149 4043 309 4115 maxime
322 4039 501 4142 ampliare
522 4036 677 4140 placuit,
704 4030 1036 4138 quandoquidem
1024 4040 1239 4141 impositum
