2708 4568
48 328 53 337 '
178 314 269 385 '92

221 524 320 599 Petri
347 541 385 599 et
403 522 573 613 loannis,
597 523 661 633 filij
681 523 779 600 uicti
806 523 992 628 quondam
1018 524 1191 618 lariszlo,
1219 548 1309 628 pos·

223 631 420 704 sessionem
440 629 680 723 Chionalos,
726 633 764 704 in
792 635 894 705 cuias
907 631 1083 707 dominio
1122 632 1309 734 praelatus
1350 680 1352 685 -

221 735 324 825 Daan
348 734 535 839 hucusque
563 763 670 811 more
697 739 913 812 Keneriatus
941 741 1174 841 perstitisset,
1220 762 1310 812 oum

223 842 325 917 omni
337 843 428 917 iure
452 847 556 947 regio
582 843 711 918 iisdem
730 841 853 916 donat.
889 847 1023 919 Datum
1042 842 1240 919 Temesvir
1268 845 1308 913 in

182 1018 187 1027 .
224 946 320 1022 festo
338 947 571 1025 Asoensionis
587 952 717 1043 Dom,
748 952 859 1023 Arma
876 949 1039 1025 eiusdem
1059 949 1307 1027 MCDXLvl,

267 1089 357 1177 Apud
373 1090 479 1156 Benltli
496 1092 572 1157 Hist.
592 1096 702 1156 Trans·
719 1079 813 1154 Torn-
829 1095 852 1153 l.
872 1116 902 1183 p.
923 1093 993 1157 566,
1034 1190 1047 1205 ἱ
1221 1178 1224 1183 .
1349 1114 1352 1121 .

553 1322 567 1405 χ
689 1304 845 1379 xxvn.
886 1320 889 1325 “
927 1292 930 1297 ’
968 1286 974 1297 “

224 1442 386 1537 prunae
409 1447 600 1525 Imperatori
622 1448 813 1508 aerarum
832 1445 999 1509 ammam
1024 1414 1310 1507 rationantur.

318 1551 378 1610 An.
400 1549 491 1610 1446.
583 1608 586 1613 .

260 1785 265 1794 ι
329 1689 568 1767 Serenissime
592 1692 781 1792 Princeps!
818 1693 918 1767 Dum
942 1688 1144 1766 hisdiebus
1168 1689 1313 1763 litterae

227 1798 424 1875 Maiestatis
448 1813 589 1870 vestrae
613 1802 651 1871 in
672 1796 740 1872 hac
766 1799 1011 1873 conventione
1034 1796 1193 1899 generali
1215 1795 1329 1896 lege·¹

227 1921 373 1994 rentur,
417 1902 561 2006 placuit
590 1904 775 1979 communi
809 1904 1092 1996 deliberatione,
1124 1919 1172 1974 *ut
1203 1926 1317 2004 super

207 2009 302 2102 rtis,
330 2035 424 2113 quae
445 2007 491 2084 ad
516 2024 656 2112 partem
674 2036 791 2086 meam
814 2009 1096 2101 obiciebantur,
1120 2009 1226 2082 sicuti
1248 2032 1314 2082 eo·

190 2109 193 2114 ’
227 2143 308 2193 ram
330 2115 566 2209 vocabiliter,
602 2118 655 2192 sic
674 2116 772 2222 apud
785 2118 1010 2193 Maiestatem
1030 2132 1188 2189 vestram
1206 2140 1313 2218 prae·

227 2221 390 2299 sentibus
410 2224 559 2326 seriptis
571 2225 752 2298 mtionem
763 2223 919 2300 reddere
941 2247 1017 2297 non
1035 2238 1312 2326 postponerem.
1348 2292 1352 2303 ,

228 2327 367 2406 Scribit
388 2332 511 2431 itaque
529 2333 704 2405 serenitas
728 2348 867 2422 vestra,
897 2331 1055 2435 qualiter
1081 2352 1150 2430 ego
1173 2350 1314 2431 nuper,

229 2437 318 2510 dum
342 2436 439 2539 apud
459 2453 572 2511 terras
594 2437 779 2513 Comitum
796 2437 910 2513 Ciliae
936 2434 1205 2515 exercituatiter
1224 2458 1317 2537 pro·

230 2541 422 2645 graderer,
457 2543 559 2615 nulla
588 2541 815 2618 diffidatione
841 2546 1057 2645 praemissa,
1085 2541 1163 2614 imo
1183 2557 1317 2613 eontra

228 2641 380 2753 propria
397 2673 485 2722 mea
492 2648 642 2750 pacifica
665 2650 822 2753 scripta.
840 2655 879 2723 in
899 2650 1033 2752 quibus
1051 2647 1229 2721 Maiestuti
1255 2672 1317 2718 ve·

230 2771 326 2829 strae
336 2755 489 2828 servitia
512 2782 591 2831 mea
612 2755 797 2858 pollicitus
823 2746 986 2849 fueram,
1014 2754 1162 2829 ducatui
1172 2749 1315 2826 erinae

230 2862 387 2964 plurima
410 2857 540 2934 damna
565 2880 602 2937 et
620 2866 840 2937 nocumenta
861 2862 1045 2937 intulerim
1063 2874 1132 2934 ete.
1147 2858 1318 2950 Placuit,

220 2968 456 3043 serenissime
480 2968 674 3072 Princeps,
710 2969 857 3062 audire,
895 2973 962 3044 ista
981 2996 1057 3071 quo
1077 2967 1316 3051 animosere·

229 3076 324 3148 nitas
342 3089 463 3147 vestra
490 3073 768 3176 ponderaverit,
796 3094 838 3150 ut
859 3075 962 3151 locus
981 3075 1142 3176 apertior
1166 3069 1318 3146 daretur

232 3178 488 3272 rescribendi,
510 3207 585 3283 quo
604 3207 683 3256 rem
701 3198 738 3256 et
753 3206 874 3257 casum
894 3180 993 3256 hunc
1010 3178 1106 3255 nude
1125 3175 1313 3278 expedire,

231 3290 307 3380 vis,
335 3288 463 3390 iusque
488 3288 637 3364 adesset.
670 3290 784 3391 Igitur
815 3285 1249 3389 dunihpost‘multiplices
1274 3284 1316 3355 in

48 3399 52 3405 ’
168 3468 171 3473 ,
233 3410 349 3483 terra,
382 3393 560 3493 coeloque
584 3392 746 3491 crudeles
774 3390 811 3470 et
842 3386 1052 3467 inhumanas
1079 3391 1229 3464 iniurias
1257 3415 1318 3459 su·

232 3515 394 3599 saeptas,
429 3523 548 3600 nuper
570 3501 722 3574 Domini
749 3501 910 3575 Berones
933 3498 1319 3600 linitis‘regniaprovo-

176 3607 179 3613 ’
232 3621 312 3678 cata
334 3627 433 3680 arma
453 3605 623 3680 adversus
640 3620 846 3708 praetactos
856 3607 1018 3682 Comites
1035 3604 1150 3680 Ciliae
1168 3618 1319 3676 movere

233 3707 492 3805 decrevissent3
527 3736 597 3814 ego
619 3728 805 3816 tamquam
819 3716 1060 3818 oapitaneus,
1098 3711 1137 3783 in
1161 3707 1201 3782 id
1223 3730 1319 3810 opus

233 3814 427 3921 deputatus
451 3817 524 3914 fui,
560 3824 736 3923 nusquam
760 3819 898 3914 feteor,
924 3821 1001 3894 illa·
1015 3817 1240 3906 intentione,
1276 3828 1320 3886 ut

231 3925 291 3999 vel
310 3938 439 3999 contra
459 3923 683 3999 Maiestatem
710 3942 866 4002 vestram
883 3926 941 4002 rel
959 3923 1128 4000 subditos
1156 3944 1220 3995 seu
1243 3935 1319 3994 ter·

97 4038 104 4051 “
185 4048 187 4053 “
234 4051 295 4107 tat
312 4025 475 4107 eiusdem
493 4028 759 4111 diffidationem
775 4032 833 4109 vel
849 4044 1319 4138 grummeommovet'em,
