2708 4568
1098 316 1174 386 stt

96 526 352 601 decurrentem
373 527 463 602 altas
481 529 632 602 retorsit
644 529 685 600 in
703 535 822 628 aquas.
849 529 1019 629 Cumque
1033 527 1180 604 illarum

96 632 273 707 diluvium
295 633 441 707 moenia
465 633 675 707 munitionis
699 628 861 729 eiusdem
887 631 1177 728 transcenderet,

30 725 33 735 ¹
97 739 308 840 cunctisque
332 741 381 833 in·
399 739 457 813 illa
481 738 719 814 existentibus
747 735 999 812 suffocationis
1018 752 1181 815 mortem

96 846 315 937 minaretur,
349 842 407 937 hi,
432 847 498 949 qui
525 847 564 917 in
583 840 644 918 illa
660 859 785 937 erant,
810 841 985 939 Bohemi‚
1010 866 1181 947 personas

96 954 135 1026 in
158 951 404 1053 captivitatem
423 968 460 1026 et
479 952 718 1025 munitionem
741 951 856 1051 ipsam
886 951 938 1024 in*
954 955 1182 1028 manusDo·
1260 999 1264 1009 ·

96 1060 187 1132 mini
206 1055 470 1132 Gubernatoris
489 1056 662 1132 dedere.“
686 1058 775 1159 Cap.
796 1057 965 1132 XLVIII.
995 1092 1038 1119 ⁴-
1066 1059 1182 1137 Laon.

95 1162 428 1263 Chalcocondylas:
465 1160 648 1266 „lengum
684 1178 725 1237 ut
746 1164 949 1265 comperit,
975 1165 1184 1241 castrabo
1261 1157 1264 1162 ’

96 1266 206 1344 etium
226 1292 306 1343 esse
323 1294 443 1370 poene
468 1268 631 1361 deserta,
663 1266 1058 1373 praeclarimdacinm
1078 1270 1185 1375 puta·
1263 1303 1265 1310 ·
1304 1268 1305 1272 ’

96 1375 180 1469 bat,
207 1375 239 1448 si
262 1374 479 1477 antecedens
501 1375 708 1476 inopinatus
731 1385 849 1450 castra
871 1378 1112 1480 opprimeret.
1133 1393 1185 1471 ξ-
1242 1382 1245 1393 ’

97 1469 330 1557 Descendens
352 1484 477 1585 itaque
507 1507 593 1557 cum
620 1484 695 1556 suis
726 1501 773 1556 ex
793 1498 920 1557 monte
932 1532 950 1576 ‚·
972 1485 1110 1586 impetu
1132 1487 1186 1559 in·

97 1586 197 1664 vadit
215 1585 400 1671 Sabatinie
420 1604 559 1678 castra,
593 1585 869 1663 defensionibus
888 1614 1011 1691 vacua
1042 1589 1187 1691 Sabati-

96 1720 160 1783 nee
181 1695 285 1767 exire
306 1696 446 1786 casn-is,
470 1711 517 1766 ut
531 1692 665 1795 proelii
680 1708 909 1870 potestatem
930 1694 1084 1790 faceret,
1106 1722 1184 1772 non

95 1792 252 1905 poterat.
288 1792 448 1903 Proinde
468 1796 515 1870 ad
536 1813 652 1871 castra
707 1795 910 1872 efendenda
934 1804 1183 1897 convertimr,

94 1929 188 2008 quae
212 1920 332 1978 tamen
360 1905 522 1978 retinere
548 1902 731 2004 nequivit,
747 1907 886 2005 ‘'qnnm
905 1905 1086 1980 violenter
1099 1896 1215 1979 Jam'

95 2034 160 2114 gus
189 2032 276 2083 cum
300 2004 535 2083 Pannonibns
562 2011 794 2113 irrumperet.
830 2006 893 2084 Ad
918 2007 1041 2114 lugam
1059 2012 1187 2114 itaque·

96 2115 248 2191 inclinat
275 2117 397 2189 animo
425 2124 526 2208 toto3
561 2112 832 2218 festinabatque
858 2120 991 2191 Istrum
1022 2119 1213 2194 transire..

96 2225 229 2325 tangus
253 2224 368 2325 captis
388 2223 513 2297 castris
543 2216 721 2324 quosdam
740 2223 780 2294 in
799 2218 941 2297 insidiis
960 2221 1078 2318 locat,
1106 2225 1188 2326 qui·

87 2327 170 2409 ‘bus
180 2329 370 2431 exciperet
388 2325 518 2423 hostes*
530 2325 770 2402 advenientes.
792 2326 839 2402 Et
856 2327 895 2400 in
913 2325 1014 2402 bunc
1034 2329 1187 2406 modum

40 2442 47 2460 ‘
96 2434 251 2512 maxima
270 2426 409 2510 hostilis
433 2436 620 2524 *exercitus
638 2458 737 2537 <pars
751 2430 1007 2507 miserabiliter
1024 2425 1185 2532 interiit,

62 2569 66 2581 ·
97 2542 306 2645 Jangmque
333 2542 524 2638 victoriam
552 2538 624 2616 sibi
643 2541 788 2644 peperit
813 2537 1057 2615 celebriorem
1075 2568 1184 2644 mam
1259 2576 1264 2585 ¹

97 2647 208 2753 ullam
236 2674 411 2751 unquam⁴
425 2648 502 2722 eius
524 2664 772 2722 antecessores
800 2645 1044 2721 invenerint“
1074 2647 1182 2752 Apud

97 2754 247 2830 Stritter
275 2755 381 2830 Tom.
402 2753 464 2829 nt
495 2782 573 2857 pag.
600 2747 687 2828 tat.
719 2792 772 2809 --
800 2750 968 2826 Audacia
985 2780 1180 2858 generosa:

97 2861 182 2954 „Ne
203 2887 278 2964 qua
301 2862 479 2947 Cercinae
500 2861 628 2934 virtuti
657 2857 962 2953 cessatio'detur,
988 2861 1183 2940 nunciatur
1297 2876 1300 2881 ’

95 2966 261 3042 Vlricum
279 2967 460 3042 Comitem
476 2962 802 3066 postVarnensem
820 2961 962 3038 cladem
986 2992 1082 3040 nova
1098 2992 1178 3042 mc·

95 3073 176 3167 liri,
208 3089 248 3146 et
273 3071 568 3177 quadragesimae
598 3070 868 3171 resipiscentiae
900 3085 1065 3172 tempore
1099 3075 1178 3148 uni·
1298 3084 1304 3091 “

95 3206 234 3255 versam
252 3179 454 3272 crosticam,
482 3175 764 3277 Slavoniamque
784 3172 976 3270 infestare,
1003 3178 1115 3252 multa
1134 3180 1176 3255 In

95 3298 287 3389 utramque
313 3285 504 3391 provincia
531 3279 909 3385 oppidaacccupaesm
936 3299 974 3356 et
995 3284 1033 3356 ni
1052 3286 1176 3387 proti-
1203 3330 1213 3341 -
1257 3278 1261 3293 “

64 3388 242 3488 deutur,
287 3391 459 3494 perbrevi
489 3405 604 3466 totam
633 3387 848 3487 Dalmatiam
876 3388 914 3459 in
944 3388 1174 3488 tyrannidem

92 3499 337 3591 redacturum.
371 3498 463 3571 Item
483 3523 504 3568 a
524 3488 689 3598 patribus
707 3509 907 3601 exoraturt
929 3499 1073 3598 utpost
1092 3517 1172 3574 caes

88 3630 171 3680 eum
191 3607 348 3681 Tmaam
375 3606 414 3676 in
433 3603 601 3678 Vlricum
629 3620 729 3674 arma
754 3596 932 3675 deflectat.
971 3603 1170 3698 Corvinus,
1249 3604 1259 3617 ’

89 3736 138 3787 ne
156 3694 353 3814 interregni
371 3726 536 3810 tempore
543 3709 771 3781 Pannonicae
786 3729 845 3796 res
862 3706 1168 3806 periclitarentmq

61 3861 65 3872 ,
90 3809 188 3892 band
212 3844 315 3893 mora
338 3831 488 3920 praeter
509 3816 675 3887 Dravum
703 3834 845 3886 amnem
869 3808 990 3901 ductis
1011 3816 1086 3888 suis
1103 3838 1167 3892 cor
1225 3810 1227 3815 ’

91 3928 178 4026 piis,
197 3948 290 4027 quae
312 3923 358 3996 ad
376 3921 468 3996 hene
484 3917 755 4021 expeditionem
773 3932 829 3990 eat
846 3916 1166 4019 emendarentur,

91 4035 161 4107 iter
181 4031 290 4126 Incit3
324 4054 431 4133 supet
457 4027 661 4119 Peme-ian,
696 4022 979 4206 quaet-inllsstpv:
996 4025 1168 4130 ripn-mg
