2708 4568
53 269 55 273 ’
125 281 201 375 no

120 482 238 557 minus
256 478 346 553 illud
367 481 464 584 pacis
484 481 635 575 bonnm,
648 478 755 560 nobis
776 475 926 583 quidem
948 479 1204 578 necessarium,

122 586 225 669 alteri
242 605 331 662 vero
347 582 533 688 pertinen
550 586 819 687 incompetens,
837 580 1028 676 concludi,
1046 579 1205 659 ¹firmari·

123 719 196 806 que
223 689 416 775 debuisset.
449 691 640 768 Caeterum
661 686 707 766 de
730 686 830 766 facto
852 691 1065 794 treugarum
1075 691 1205 797 magna

120 794 227 891 nobis
248 799 449 893 consolatio
467 797 675 891 videretur,
703 796 786 870 siin
805 795 868 871 tali
887 795 993 889 loco,
1019 796 1203 899 tempore·

123 894 195 1008 que
212 900 322 1004 positi
349 896 527 997 essemus,
554 896 684 1006 inquo
710 899 928 1002 deliberatio
947 900 1076 977 efficax
1103 903 1202 978 circa

121 1012 236 1113 ipsam
259 1000 349 1110 rem,
366 1002 423 1114 agi
440 1006 590 1112 possit,
607 1002 780 1110 quoniam
806 1008 882 1099 sive
901 1007 947 1084 ad
966 994 1202 1112 perpetuam,

114 1117 191 1191 sive
209 1110 256 1188 ad
273 1117 509 1224 temporalem
526 1110 652 1223 pa'ccm
670 1108 916 1208 deveriiretur,
935 1141 1119 1216 nunquam
1140 1106 1202 1190 de·

115 1216 251 1301 siderio
268 1216 395 1297 nostro
416 1222 573 1296 alienum
592 1217 707 1312 foret,
734 1217 937 1303 dummodo
963 1219 1003 1293 id
1021 1219 1142 1296 stabili
1163 1239 1201 1295 et

118 1354 285 1434 congruo
303 1326 434 1419 ordine
449 1324 565 1400 lieret.
600 1324 678 1400 Sed
697 1327 781 1429 quia
798 1317 882 1419 bis,
903 1320 995 1429 quae
1015 1352 1125 1431 supra
1144 1326 1200 1402 di·

116 1436 236 1522 ximus
247 1489 258 1527 ,
276 1433 387 1534 rebus
411 1430 585 1531 videlicet
603 1428 710 1533 fidei,
739 1431 929 1533 impediti,
951 1430 998 1520 ad
1017 1457 1057 1504 ea
1076 1434 1197 1537 plene,

116 1555 314 1629 ut'tantum
339 1540 497 1642 requirit
517 1539 741 1642 negocium,
760 1536 1060 1629 deliberationem
1079 1537 1197 1614 lacere

114 1642 161 1719 ad
178 1635 438 1747 'praesensnon
448 1666 665 1752 possumus,
692 1643 875 1747 signanter
897 1643 1197 1748 propterabsen'-

114 1752 200 1826 tiam
214 1750 371 1833 aliorum
386 1746 636 1850 Praelatorum
653 1767 690 1826 et
707 1744 890 1843 Baronum
906 1767 942 1824 et
961 1744 1195 1849 consiliario-

61 1872 65 1885 ‘
113 1883 197 1932 rum
214 1859 330 1960 regni,
352 1845 512 1961 quor-dm
527 1857 565 1928 in
582 1853 707 1951 haere
725 1853 859 1941 boiiori
877 1853 1114 1953 deferendum
1129 1872 1193 1952 est,

61 1956 65 1964 ’
113 1979 151 2037 et
166 1958 363 2038 consensus
376 1954 650 2066 requirendus,
671 1959 780 2064 atque
800 1959 1034 2056 obtinendus,
1056 1980 1093 2038 et
1108 1989 1194 2065 pro·

113 2085 214 2145 terea
241 2066 508 2167 ordinavimus,
537 2086 578 2141 ut
599 2069 634 2143 in
656 2064 909 2170 proiimoliai
925 2093 997 2140 una
1018 2065 1136 2144 diaeta
1157 2070 1195 2141 in

52 2181 59 2191 “
110 2172 234 2268 Buda,
261 2173 506 2265 ubim'aiores
532 2175 636 2281 regni
665 2171 862 2248 convenire
883 2170 1058 2269 debeant,
1083 2193 1119 2249 et
1137 2202 1195 2250 su·

88 2330 93 2339 ·
109 2306 177 2385 per
193 2292 238 2356 eo'
259 2297 415 2356 tractare
434 2296 473 2354 et
493 2278 733 2373 concludere,
762 2276 865 2381 quod
891 2279 964 2352 erit
986 2279 1035 2353 ad
1053 2273 1195 2355 bonum

109 2403 245 2461 statum
256 2389 417 2490 partium
436 2402 473 2461 et
488 2384 982 2488 regnorum'praedictorum,
1002 2385 1067 2461 ubi
1086 2389 1195 2462 etiam

109 2493 356 2568 cancellarius
382 2493 490 2596 regni
517 2491 664 2586 aderit,
687 2493 752 2593 qui
775 2494 875 2565 iuxta
894 2488 1193 2567 deliberationem

108 2596 295 2673 dictorum
321 2598 571 2672 Praelatorum
599 2613 638 2669 et
656 2600 838 2671 Baronum
860 2597 993 2671 litteras
1017 2614 1199 2700 opportuf

108 2730 171 2778 nas
193 2703 343 2777 daturus
365 2719 442 2795 est,-
470 2703 531 2776 cui
551 2729 624 2775 una
643 2728 729 2777 cum
748 2702 855 2783 dictis
876 2701 1046 2777 Praelatis
1068 2719 1106 2777 et
1122 2706 1191 2778 Bn-

106 2809 259 2884 ronibus
278 2808 425 2910 plenam
446 2809 485 2882 in
504 2805 571 2882 hnc
591 2834 633 2882 re
655 2807 820 2883 dedimus
837 2807 1059 2883 facultatem.
1093 2811 1189 2885 Data

105 2914 341 3015 indescensu
360 2926 488 3013 nostro
510 2916 724 2989 exercituali
742 2914 838 3020 apud
856 2913 990 2989 vadum
1008 2915 1189 3008 Danubii,

104 3012 208 3126 quod
228 3023 337 3124 vulgo
359 3019 540 3125 lapideum
555 3018 699 3096 dicitur.
723 3020 821 3119 XIV.
836 3019 1064 3129 Septembris
1092 3049 1189 3096 anno

104 3130 254 3227 Domini
272 3124 604 3204 MCCCCXLVIII.
635 3122 637 3135 ‘
692 3180 706 3219 3
1048 3128 1052 3136 ’

102 3271 216 3338 Ibidem
231 3271 316 3356 epist.
329 3267 380 3332 38.
398 3275 513 3350 ¹Quum
528 3267 605 3333 haee
627 3266 874 3332 aGubernatore
891 3277 1074 3353 agerentur,
1097 3272 1191 3332 Amu-

96 3392 101 3407 “
120 3416 124 3421 ·
195 3402 275 3484 rates
290 3389 490 3476 expeditione*
499 3400 608 3454 contra
624 3389 874 3483 Scanderbeg'nm
890 3400 1046 3476 suscepta,
1060 3391 1183 3456 Oroism

197 3495 446 3599 oppugnaverat,
466 3517 554 3571 'teste
577 3509 711 3602 Leonico
734 3507 816 3594 apud
841 3510 966 3573 sirion
981 3511 1074 3574 Tom·
1091 3513 1141 3571 lll.
1157 3530 1189 3592 p.

164 3640 165 3644 ’
199 3632 271 3692 7³9·
293 3620 384 3695 Venit
396 3625 438 3705 ad
456 3642 527 3690 anm
546 3627 585 3688 ab
598 3628 749 3713 Georglo,
769 3628 977 3715 Trybalornm
997 3625 1086 3700 doce,
1106 3648 1189 3690 nun·

145 3729 158 3745 ⁷
198 3730 608 3813 sinitotunem'chouiatem
629 3736 1020 3845 congregatisPannonibus
1039 3742 1190 3831 plurimis,
1222 3762 1226 3767 '

47 3873 51 3892 ¹
121 3846 124 3850 .
162 3856 164 3861 ⁵
195 3860 335 3954 traiicere
357 3878 490 3938 castrum
517 3874 548 3930 et
564 3877 672 3930 contra
691 3866 788 3953 ipsum
813 3865 916 3931 hostili
932 3865 1033 3929 animo
1049 3890 1189 3954 pergere.

198 3988 253 4052 His
267 3961 377 4073 inditis
389 3956 551 4081 'timoratos
560 4029 572 4067 ,
589 3967 737 4095 'continno
755 3984 896 4049 omnibus
917 3977 1143 4070 impedimentis
1157 3999 1189 4054 et
1218 4006 1220 4010 ·
