2708 4568
86 383 92 394 ,
160 299 275 373 ,tet

199 520 241 580 ut
269 502 307 574 in
324 498 462 601 uigilia
475 495 561 570 festi
582 495 783 570 nativitatis>
796 496 945 569 Domini
969 494 1016 571 ad
1039 493 1136 572 bunc
1158 486 1283 573 locum

200 599 238 684 in
258 604 417 680 medium
435 604 680 676 Dominorum
693 602 944 676 ‘Praelatorum
963 619 1000 677 et
1015 604 1221 700 Beronum,
1240 635 1283 682 ac

100 763 103 766 -
200 717 402 790 Procerum
431 710 532 810 regni
560 708 763 809 Hungariae
783 709 821 783 in
841 734 887 781 eo
914 711 995 814 ipso
1020 709 1105 784 loco
1128 709 1283 815 congre-

196 835 369 925 gatorum
390 817 513 890 venire
539 815 774 914 potuerimus..
797 817 909 888 ,luter
926 839 1019 917 quos
1038 822 1288 894 auctore-Dm

202 910 322 1016 mino,
358 920 459 1025 quod
479 921 664 993 notissime
693 947 861 1021 magnum
882 923 1137 999 restaurandae
1165 924 1283 1000 fortu-
1348 944 1350 951 ‘

203 1058 270 1106 nae
289 1055 389 1131 spem
408 1026 556 1118 tribuit,
582 1042 721 1099 rectam
737 1026 972 1100 concordiam
992 1051 1034 1102 ae
1050 1032 1226 1106 unionem
1242 1050 1283 1107 et

205 1154 363 1212 caeteras
390 1135 492 1235 regni
526 1159 584 1206 res
611 1134 766 1235 integras
793 1135 1023 1235 reperimus,
1069 1140 1282 1239 praesertim

204 1270 293 1326 vero
320 1243 458 1314 animos
485 1265 530 1311 ex
559 1236 626 1310 hac
656 1253 822 1367 suscepta
852 1238 953 1314 clade
971 1242 1282 1349 irritatosmogis,

204 1376 316 1451 quam
342 1346 487 1420 fractos.
535 1342 640 1418 Vnde
665 1343 764 1521 ittip
792 1342 897 1418 nobis
926 1345 1092 1444 mandato
1120 1353 1283 1452 provisio

206 1457 276 1531 fuit
289 1454 336 1527 ad
353 1448 643 1526 reassumendam
662 1447 732 1523 fide
756 1505 766 1542 ,
793 1453 1003 1553 patriaeque
1023 1452 1280 1533 defensionem.

206 1567 332 1662 Itaque
354 1558 597 1632 consensimus
621 1555 739 1647 ultr0‚
777 1558 1066 1661 restituimusque
1089 1565 1282 1665 evestigio

206 1674 336 1744 navare
363 1688 529 1764 operam,
559 1688 774 1764 curamque,
811 1690 857 1734 ne
886 1663 994 1766 longa
1021 1683 1084 1739 aut
1110 1667 1284 1743 diuturna
1330 1696 1334 1707 ’

107 1778 109 1789 '
139 1812 144 1820 ·
198 1768 269 1847 'fiat
287 1771 459 1844 hostibus
471 1772 587 1869 quies,
608 1793 656 1841 ex
673 1785 794 1843 nostra
814 1769 917 1842 clade
939 1774 1109 1872 quaesita.
1137 1778 1282 1851 Revera

206 1906 282 1953 non
304 1880 530 1979 quiescemus
557 1879 595 1948 et
613 1900 700 1967 nos,
719 1876 971 1968 comitemur,
990 1877 1109 1954 donec
1129 1883 1183 1955 vel
1202 1885 1281 1981 vin-

209 1986 343 2059 dictam
355 1979 413 2057 vel
431 1991 587 2055 mortem
607 2007 654 2054 ex
675 2006 720 2054 eo
741 1979 844 2053 hoste
862 1980 1001 2057 referre
1018 1983 1141 2059 datum
1162 1986 1280 2063 fuerit

208 2082 457 2182 Quomolirem
494 2086 723 2175 dilectionem
756 2104 853 2160 tuam
884 2105 1017 2164 attente
1034 2087 1279 2194 requirimus,

208 2215 384 2300 quatenus
404 2211 441 2268 et
456 2197 513 2268 Tu
534 2198 571 2266 in
590 2194 698 2268 rebus
726 2193 792 2276 tibi
811 2193 1070 2270 commendatis
1094 2227 1195 2304 agas,
1227 2202 1282 2273 uti

207 2305 340 2379 rectius
358 2319 394 2374 et
420 2298 600 2374 efficacius
627 2317 742 2402 potes.
781 2301 995 2401 Specialiter
1016 2302 1122 2398 vide,
1149 2309 1283 2409 sispe·

142 2483 144 2487 ,
208 2435 289 2498 rare
306 2409 426 2483 solum
450 2423 488 2481 et
501 2404 723 2511 non'liabere
745 2405 844 2492 illinc
864 2405 1024 2481 subsidia
1040 2409 1156 2484 liceat.
1184 2414 1282 2486 Jam-

208 2519 281 2589 iam
306 2515 422 2604 zelus,
440 2513 478 2586 =si
496 2515 577 2613 quis
604 2529 676 2605 est,
705 2509 750 2583 ad
766 2511 1010 2612 defensionem
1026 2513 1179 2590 afflictae
1196 2522 1282 2594 satis

208 2618 292 2694 fidei
312 2635 474 2709 nostrae,
496 2619 563 2690 tibi
580 2613 684 2690 facile
705 2645 879 2718 apparere
900 2621 1050 2720 poterit,
1067 2625 1281 2725 praesertim

209 2729 240 2800 si
258 2725 468 2825 Principum
491 2724 636 2797 illorum
652 2742 801 2797 conatus
824 2751 872 2799 ex
886 2727 957 2800 hoc
978 2723 1129 2801 adverso
1147 2729 1281 2832 princi·

210 2835 273 2936 pio
300 2828 347 2904 ad
371 2818 546 2904 ultionem
566 2833 699 2933 magis,
730 2857 840 2932 quam
869 2831 915 2907 ad
933 2830 1174 2908 defectionem
1190 2833 1282 2910 ferri

211 2938 451 3038 conspexeris.
479 2938 537 3011 Tu
552 2962 661 3030 vero,
680 2936 859 3039 quidquid
875 2938 1034 3033 dicatur,
1059 2940 1155 3044 apud
1173 2941 1280 3036 alios,

210 3070 359 3118 excesu
383 3044 454 3116 isto
483 3045 520 3119 in
540 3044 641 3117 nullo
668 3041 851 3144 despera,'
872 3054 958 3120 nam
983 3046 1195 3148 ampliorem
1216 3046 1283 3123 ho·

32 3192 36 3203 ,
88 3212 95 3226 ,
130 3186 133 3192 .
164 3186 166 3191 ¹
209 3166 280 3227 ates
300 3174 469 3223 cruorem
498 3177 566 3252 pro
587 3149 796 3251 occupanda
815 3160 923 3252 quam
941 3176 1008 3224 nos
1030 3179 1101 3253 pro
1130 3180 1284 3261 recupe-

209 3253 322 3334 rando
347 3252 465 3328 adlrue
493 3254 705 3351 Macedonia
729 3252 902 3330 dedimus.
948 3255 1044 3332 Cura
1067 3259 1205 3354 solum,
1243 3277 1285 3333 ut

210 3363 312 3436 bono
331 3379 494 3464 tempore
511 3387 682 3464 responsa
699 3363 829 3463 exigas,
843 3361 888 3436 de
908 3363 1038 3466 quibus
1057 3392 1124 3440 suo
1143 3366 1284 3458 ordine,

210 3466 274 3542 sed
301 3484 338 3542 et
364 3466 411 3540 de
431 3470 534 3544 omni
558 3483 652 3541 statu
676 3483 740 3540 tuo
760 3493 829 3541 nos
855 3469 1024 3544 celeriter
1049 3473 1185 3545 avisare
1209 3497 1284 3545 non

208 3590 431 3676 postponas,
475 3571 683 3648 redditurus
719 3572 827 3647 nobis
864 3576 1000 3678 largam
1027 3578 1285 3651 consolationis

209 3680 348 3771 vicem,
382 3681 424 3772 si·
439 3671 549 3771 hoc5'
567 3678 680 3781 quod!
693 3691 831 3754 summe
867 3699 1052 3783 optamus,
1089 3702 1286 3766 maturasse

211 3782 402 3860 videberis.
437 3785 667 3860 Sanctissimo
685 3786 846 3858 Domino
864 3805 990 3862 nostro
1011 3805 1048 3862 et
1066 3787 1182 3864 Sacro
1202 3791 1287 3864 Col.-

209 3890 303 3993 legio
328 3915 396 3963 nos
421 3892 672 3966 recommissos
699 3889 826 3980 facias,
864 3890 1098 3992 certificando
1123 3923 1202 3972 rem
1221 3922 1286 3973 no·

189 4012 322 4070 ³strum
344 3997 496 4071 minoris
522 4023 615 4072 easew
626 3998 797 4097 perient,
829 4022 939 4099 quam
959 3997 1084 4074 famae.
1112 4002 1215 4078 Vole.
1232 3999 1289 4065 4·-
