2708 4568
1177 336 1224 407 ll

143 551 276 652 negotii
309 551 450 649 reverti
478 546 576 623 haud
604 545 798 622 audebant.
833 543 1045 647 'Postquam
1072 567 1140 620 suo
1169 546 1227 619 usi

143 671 223 729 sunt
242 653 392 748 officio,
420 682 508 728 mox
526 656 663 729 iuvenis
682 654 852 756 princeps
873 678 944 726 nec
965 650 1105 745 differt,
1135 653 1226 753 quin

138 763 260 836 statim
288 763 426 866 paratis
452 764 533 834 viae
564 760 857 852 necessitatibus,
894 756 1122 858 adunataque
1149 755 1223 832 sibi
1257 787 1260 793 ·
1318 826 1321 835 .

137 867 355 969 polonicalis
370 869 522 943 militiae
543 865 688 941 decenti
714 863 908 958 comitisa,
944 866 1046 939 venit
1064 866 1104 938 in
1120 865 1224 938 Hun-

138 975 297 1076 gariam,
335 975 396 1048 cui
425 976 604 1077 primores
627 973 973 1076 regni-Hungariae‚
997 998 1157 1073 quorum
1178 968 1225 1044 de

139 1105 240 1154 novo
259 1080 423 1182 principe
446 1080 604 1182 gaudere
624 1076 729 1154 cordi
750 1095 838 1171 erat,
852 1077 1123 1180 regnicolarum
1134 1103 1228 1151 cum

142 1185 346 1288 agminibus
365 1186 511 1261 obviam
533 1211 676 1259 venere.
698 1184 843 1259 Eisdem
863 1183 992 1259 diebus
1009 1184 1228 1259 Laurentius

141 1290 189 1365 de
208 1292 452 1387 Hederwara,
481 1291 683 1383 Palatinus,
706 1292 854 1394 antiqua
875 1292 979 1393 regni
1000 1289 1046 1364 dc
1070 1312 1227 1365 consue.-

140 1396 289 1492 tudine,
317 1398 485 1474 Budense
507 1415 666 1472 castrum
689 1396 948 1489 conservabat,
977 1399 1042 1500 qui
1064 1397 1225 1471 venienti

140 1515 241 1578 novo
261 1507 422 1608 principi
440 1533 517 1580 non
542 1506 661 1578 minus
683 1502 831 1578 obviam
858 1505 935 1578 ivit.
955 1543 1006 1565 -ν-
1029 1502 1115 1601 Non
1135 1524 1224 1604 ergo

139 1611 262 1711 regina
283 1611 463 1697 Elisabeth
483 1639 545 1703 ea,
582 1637 677 1713 quae
703 1635 804 1683 suam
830 1609 877 1684 ad
898 1625 1041 1714 partem
1063 1609 1225 1714 pertines·

141 1713 250 1808 bant,
283 1715 442 1820 dirigere
465 1717 680 1821 negligebat.
726 1716 836 1790 Multi
871 1719 969 1790 enim
985 1730 1222 1816 magnatum,

142 1846 301 1921 quorum
327 1827 365 1896 in
391 1824 601 1928 pectoribus
629 1826 855 1926 imperatoris
881 1819 1103 1926 sigismundi
1130 1845 1224 1895 non.-

142 1925 230 2000 dum
250 1945 440 2032 tepuerant
467 1927 733 2026 beneficiorum
758 1927 949 2024 recordia,
985 1930 1150 2030 reginam
1168 1951 1224 2000 sev

143 2033 349 2133 quebantur
362 2055 399 2111 et
409 2064 469 2111 res
487 2039 574 2111 noui
592 2038 689 2139 regis
712 2035 950 2137 displicebant
970 2036 1040 2108 illis
1062 2035 1224 2109 omnino.

142 2140 224 2228 Qua
243 2160 397 2246 propter
417 2145 540 2258 regina
559 2141 623 2217 sua
644 2144 828 2215 Beronum
851 2166 936 2216 cum
952 2157 1056 2243 parte
1074 2137 1224 2213 Albam·

140 2247 298 2350 regalem
322 2252 447 2355 petiit,
474 2247 701 2351 filiolumque
728 2274 854 2341 suum,
890 2249 1041 2320 nomine
1062 2241 1224 2319 Ladis-

141 2351 277 2446 laum,
297 2382 361 2466 qur
370 2354 534 2430 nondum
549 2373 709 2458 quatuor
729 2380 814 2430 suae
835 2350 960 2427 aetatis
971 2370 1115 2426 menses
1127 2374 1224 2424 com·
1348 2410 1351 2418 .

139 2458 323 2562 pleverat,¹¹
351 2463 474 2537 multis
503 2480 690 2537 tonantem
709 2460 909 2564 vagitibus,
935 2461 974 2534 in
994 2483 1118 2563 regem
1136 2453 1223 2532 fecit

137 2567 282 2667 inungi,
319 2570 456 2669 pariter
484 2585 521 2643 et
547 2570 729 2643 coronari.
754 2605 809 2657 ,-
836 2566 1009 2641 Interfuit
1028 2565 1136 2639 huius
1167 2565 1223 2637 in·

138 2669 267 2744 lentuli
288 2675 599 2779 intemporanede
635 2677 866 2751 coronationi
903 2676 962 2751 vir.
992 2671 1222 2777 praeclarus,

139 2779 318 2852 Dominus
342 2783 542 2882 Dionysius
571 2780 618 2856 de
643 2779 785 2876 Zeech,
818 2778 1020 2854 cardinalis
1037 2795 1075 2853 et
1090 2774 1223 2852 Archi·

139 2885 339 2986 Episcopus
350 2887 623 2989 strigoniensis,
643 2888 707 2991 qui
727 2906 763 2962 et
784 2885 978 2990 puerulum
998 2887 1117 2985 ipsum
1138 2908 1223 2956 suae

139 2985 323 3092 dignitatis
343 2992 466 3068 officio
491 2998 657 3099 exigente
678 2996 834 3084 inunxit,
856 3018 898 3066 ac
919 2994 969 3065 illi
990 3016 1133 3064 sacrum
1151 2986 1240 3061 dia-¹

138 3093 243 3169 dema
263 3100 447 3200 imposuit.
484 3104 597 3178 Erant
615 3087 725 3175 etiam
745 3097 885 3171 ibidem
901 3093 1053 3171 Mathias
1073 3094 1222 3196 Vesprie

103 3294 107 3298 .
136 3203 284 3277 miensis
322 3220 360 3276 et
382 3206 603 3281 benedictus
632 3207 826 3283 lauriensis
853 3205 1097 3278 Ecclesiarum
1128 3202 1220 3302 Epi-

135 3315 259 3412 scopi,
288 3310 433 3386 Vlricus
463 3315 592 3389 Comes
611 3313 724 3388 Ciliac
739 3348 793 3366 -
809 3337 877 3385 nec
900 3337 975 3384 non
994 3325 1031 3382 et
1047 3307 1221 3382 N1colaus

136 3411 183 3486 de
202 3415 311 3520 Ujlak
338 3435 376 3492 et
390 3418 574 3494 Ladislaus
604 3417 650 3493 de
666 3421 784 3511 Gara,
813 3417 903 3492 Beni
927 3414 1218 3504 Macbovienses,

133 3518 302 3597 Andreas
322 3524 463 3613 Bothoe
492 3526 539 3600 de
566 3525 694 3600 eadem
717 3527 845 3618 Gara,‘
861 3526 1047 3601 Ladislaus
1067 3538 1105 3596 et
1121 3524 1221 3600 Hen-
1283 3589 1287 3596 .

132 3627 256 3718 ricus,
284 3626 350 3702 filii
368 3632 556 3732 quondam
573 3632 722 3705 loannis
749 3630 940 3706 Vaivodae
952 3629 998 3702 de
1016 3626 1219 3726 Thamisy,

131 3747 173 3805 et
189 3731 349 3810 Thomas
377 3740 423 3813 de
439 3737 559 3832 lech,
595 3739 673 3811 aliis
693 3764 778 3811 cum
803 3737 970 3840 pluribus
992 3736 1097 3837 regni
1114 3734 1221 3807 nobi-
1347 3838 1349 3841 ι

130 3835 248 3932 libus,
277 3845 341 3942 qui
365 3847 456 3918 tanti
482 3845 682 3947 spectaculi
700 3871 770 3948 pro
792 3841 948 3916 videnda
968 3841 1106 3945 gloria,
1131 3864 1221 3951 pro·

129 3970 205 4047 que
234 3944 462 4025 observanda
494 3955 639 4054 reginae
666 3967 703 4023 et
733 3948 913 4023 infantulo
940 3952 1015 4052 regi
1048 3948 1222 4057 fidelitate

127 4044 281 4127 affuene.
327 4058 529 4161 Postquam
560 4059 670 4162 igitur
698 4056 779 4134 talis
801 4057 1048 4142 concussionis
1074 4078 1221 4167 peractas
